1771 2968
694 237 957 276 ..38-

109 352 261 390 indoles
295 364 372 390 non
410 353 506 390 satis
540 351 779 394 admiranda.
809 363 926 400 quam
956 362 1004 388 ne
1032 351 1155 388 multo
1182 351 1340 401 quidem
1368 352 1526 402 Nepote

109 420 348 469 ingeniosior
376 421 434 459 vir
464 432 632 470 unquam
663 425 747 458 arte
775 419 980 458 effecturus
1008 418 1157 460 fuisset.

218 489 382 528 Summa
400 491 516 539 igitur
535 489 814 539 probabilitate
833 489 940 527 illum
968 490 1095 539 ipsum
1124 490 1310 539 epistolas
1328 501 1407 528 non
1436 502 1522 528 con-

107 559 312 608 scripsisse
331 559 432 598 effici
452 565 595 610 potest.
644 557 726 597 Iam
747 558 891 597 dixerit
905 558 1045 608 aliquis
1073 571 1140 598 eas
1168 559 1220 597 ab
1239 559 1315 597 alio
1334 559 1525 598 confictas

108 629 159 666 ab
200 629 265 667 illo
308 642 380 678 pro
422 629 523 667 veris
565 629 603 667 in
644 627 763 667 libros
803 634 985 679 receptos
1024 635 1091 668 aut
1125 635 1266 679 postea
1303 642 1327 668 a
1363 629 1525 668 falsario

109 698 279 747 quodam
310 699 475 748 Nepotis
503 698 657 748 scriptis
685 698 842 736 additos
870 710 966 737 esse.
1022 698 1172 737 Harum
1200 699 1395 737 rationum
1425 704 1523 737 utra-

109 779 184 816 que
213 781 283 817 per
311 780 355 806 se
382 769 463 817 pari
494 769 615 806 modo
643 774 750 806 esset
779 767 966 807 miranda.
1024 768 1181 806 Etenim
1207 769 1285 807 iarn
1314 768 1383 807 illis
1403 780 1525 817 supra

109 836 236 874 allatis
279 837 406 875 causis
449 837 556 875 nullo
599 837 721 875 modo
753 837 960 875 verisimile
1003 849 1089 875 esse
1130 838 1438 877 demonstratum
1478 838 1528 876 sit

110 905 374 945 fraudulenter
402 906 593 945 confictas
622 918 707 944 esse
736 905 950 950 ,Corneliae
980 907 1176 956 epistolas«
1207 907 1252 945 iis
1272 907 1527 957 temporibus,

110 976 252 1024 quibus
287 976 515 1014 doctissimo
551 977 690 1025 cuique
729 976 826 1013 illius
863 987 978 1013 verae
1019 976 1207 1025 epistolae
1246 980 1361 1014 notae
1400 981 1527 1024 erant5

110 1050 215 1083 certe
236 1045 349 1082 huius
370 1045 477 1082 modi
498 1057 668 1082 errorem
688 1044 855 1094 Nepotis
875 1045 1126 1094 cognovisset
1144 1044 1279 1085 Cicero
1297 1045 1526 1086 Atticusve!

109 1114 329 1152 Posteriore
357 1119 487 1152 autem
516 1119 646 1151 aetate
675 1118 715 1152 et
743 1115 931 1163 genuinas
959 1113 1149 1163 epistolas
1167 1111 1356 1152 interiisse
1386 1119 1426 1152 et
1455 1114 1523 1152 fal·

107 1183 249 1221 sarium
292 1184 487 1233 quendam
524 1189 655 1221 nostra
688 1182 906 1232 fragmenta
936 1182 1102 1232 Nepotis
1141 1183 1294 1233 scriptis
1326 1183 1524 1222 addidisse

108 1253 139 1289 si
170 1253 255 1302 quis
282 1257 339 1302 (ut
369 1252 601 1301 Soergelius,
634 1252 683 1292 cf.
705 1265 797 1303 pag.
824 1254 886 1301 ll)
913 1253 1137 1297 contendat,
1167 1254 1338 1291 externis
1366 1253 1527 1302 quidem

111 1322 324 1361 rationibus
358 1322 469 1360 novis
503 1322 609 1360 illum
647 1321 875 1371 impugnare
910 1334 1240 1372 supervacaneum
1269 1323 1339 1368 sit;
1381 1323 1526 1361 invicta

109 1391 210 1430 enim
241 1392 331 1431 huic
360 1404 517 1442 quoque
545 1391 717 1441 opinioni
746 1390 963 1440 refragetur
991 1393 1069 1431 iam
1099 1392 1298 1443 praeclara
1326 1392 1521 1442 fragmen-

111 1467 240 1499 torum
271 1462 420 1500 indoles
448 1462 525 1500 iam
553 1473 673 1510 saepe
700 1461 868 1499 laudata.

219 1531 302 1569 Iam
343 1543 454 1574 vero,
502 1535 711 1579 antequam
754 1529 871 1568 finem
915 1530 1018 1569 facio
1059 1531 1336 1581 disputationi,
1385 1522 1527 1569 novam

109 1600 272 1638 afferam
301 1613 354 1639 ex
372 1606 608 1649 argumento
627 1600 793 1649 petitam
812 1600 1015 1644 rationem,
1045 1613 1123 1650 qua
1151 1602 1223 1639 etsi
1252 1600 1381 1639 adhuc
1410 1612 1527 1638 nemo

109 1669 279 1707 offensus
307 1675 380 1713 est,
409 1674 541 1708 tamen
568 1670 808 1707 commoveri
838 1670 963 1719 possit
990 1681 1198 1713 nonnemo,
1229 1675 1270 1707 ut
1290 1675 1438 1708 temere
1457 1669 1524 1707 ab·

109 1744 223 1787 roget
264 1738 488 1789 fragmenta
530 1739 643 1777 matri
679 1738 964 1777 Gracchorum:
1013 1739 1131 1777 verba
1169 1751 1284 1781 ,cum
1322 1751 1405 1788 ego
1441 1751 1526 1776 non

108 1808 330 1846 sentz'am‘
344 1826 397 1843 =
415 1820 551 1851 „wenn
579 1809 642 1846 ich
670 1807 760 1847 kein
780 1808 1040 1847 Bewusstsein
1068 1808 1199 1846 davon
1218 1807 1345 1846 haben
1367 1807 1524 1847 werde“

110 1878 242 1927 potius
271 1879 382 1917 alicui
411 1879 463 1917 ab
492 1878 674 1928 Epicuro,
704 1878 769 1927 qui
798 1879 950 1917 animos
978 1884 1070 1928 post
1099 1884 1268 1917 mortem
1297 1878 1334 1916 in
1363 1877 1524 1916 nihilum

110 1947 301 1986 redituros
329 1948 529 1992 censebat.
558 1947 740 1998 profecto
768 1953 862 1998 apta
891 1959 977 1986 esse
1005 1948 1182 1987 videntur
1210 1959 1329 1997 quam
1358 1947 1527 1985 Zenonis

110 2022 261 2056 sectam
291 2024 451 2066 secuto,
495 2018 562 2068 qui
591 2030 747 2056 manere
774 2018 1038 2058 contendebat
1064 2018 1236 2057 animum
1265 2030 1433 2067 corpore
1461 2030 1528 2055 va·

111 2091 278 2126 cantem.
337 2087 452 2126 Certe
484 2088 523 2126 in
553 2086 732 2126 Cornelia
761 2086 933 2125 maxime
959 2091 1078 2136 gente
1108 2086 1332 2125 Stoicorum
1360 2086 1528 2124 florebat

110 2157 377 2207 philosophia,
408 2162 514 2197 certe
542 2157 605 2196 illa
633 2157 752 2195 verba
780 2157 879 2195 bene
912 2158 1146 2196 conveniunt
1173 2157 1211 2195 in
1239 2156 1406 2206 aliquem
1436 2156 1528 2206 Epi-

109 2228 189 2265 curi
218 2228 255 2265 in
283 2227 403 2267 verba
430 2228 634 2270 iurantem,
665 2227 821 2265 minime
849 2231 981 2265 autem
1009 2227 1220 2266 abhorrent
1247 2239 1271 2265 a
1290 2226 1526 2270 Stoicorum,

109 2299 174 2347 qui
213 2304 296 2337 tum
324 2304 456 2342 erant,
501 2298 772 2348 philosophia:
822 2298 978 2337 Etenim
1007 2298 1083 2337 iam
1112 2298 1361 2341 Panaetium,
1406 2309 1525 2347 quem

110 2368 350 2407 familiariter
385 2368 531 2407 scimus
567 2380 680 2408 usum
710 2380 797 2406 esse
825 2374 942 2417 gente
972 2367 1169 2412 Cornelia,
1212 2367 1392 2406 reiecisse
1419 2367 1526 2406 illam

109 2437 160 2476 de
195 2438 489 2477 immortalitate
525 2439 746 2478 animorum
783 2439 1016 2478 sententiam
1052 2437 1201 2488 optime
1238 2437 1529 2478 demonstratur

111 2508 308 2547 Ciceronis
349 2508 476 2547 verbis
505 2508 623 2547 Tusc.
645 2508 674 2551 1,
697 2509 760 2551 32,
786 2509 849 2552 78,
889 2509 940 2546 de
968 2520 1046 2557 qua
1075 2520 1116 2546 re
1145 2509 1222 2546 iam
1252 2508 1325 2547 Ed.
1354 2507 1527 2548 Zellerus

109 2577 216 2626 (phil.
247 2576 386 2617 Graec.
408 2578 476 2621 111,
503 2579 518 2616 1
551 2589 642 2627 pag.
664 2577 759 2627 563)
786 2578 885 2617 bene
913 2577 1108 2617 disseruit.
1140 2599 1187 2605 —
