2459 3671
1163 818 1319 885 -15
1377 868 1428 874 -.-

10 935 73 972 Od
590 969 850 1016 cognoverat;
881 965 978 1001 haec
1006 962 1251 1011 neglegentia
1279 962 1382 999 haud
1402 963 1483 1000 leve
1504 963 1596 1000 mihi
1616 969 1887 1012 argumentum
1916 976 2003 1003 esse

10 1018 73 1083 {³⁵
590 1036 741 1074 videtur
787 1033 972 1084 epistolas
1020 1045 1043 1070 a
1086 1031 1264 1070 Cornelia
1310 1033 1475 1081 scriptas
1532 1045 1618 1070 esse
1664 1033 1799 1071 litteris
1842 1033 2002 1072 Graecis

9 1087 70 1114 ¹⁸
589 1105 824 1143 doctissima.
885 1103 997 1151 Quae
1034 1103 1224 1140 sententia
1254 1114 1323 1139 cur
1351 1102 1528 1145 ‚humilis‘
1559 1103 1628 1145 sit,
1673 1110 1714 1140 ut
1753 1104 1818 1141 ille
1857 1112 2001 1147 censet,

15 1144 68 1183 do
590 1174 741 1218 nescio;
773 1172 915 1210 etenim
947 1175 1071 1208 mater
1100 1183 1177 1208 non
1206 1171 1332 1209 solum
1353 1172 1402 1208 de
1421 1172 1466 1208 iis
1487 1172 1656 1220 loquitur
1676 1172 1874 1215 molestiis,
1906 1185 2002 1221 quas

24 1228 68 1253 ur
589 1244 755 1281 filiorum
795 1241 941 1279 insania
981 1241 1124 1284 ,habet‘
1168 1241 1192 1280 i.
1222 1254 1253 1278 e.
1294 1241 1386 1290 ipsis
1423 1241 1553 1284 affert,
1597 1242 1668 1279 sed
1705 1242 1821 1279 etiam
1859 1242 1909 1279 de
1944 1242 2002 1286 iis,

13 1291 64 1330 εἶ’
298 1315 312 1336 ““
589 1324 684 1361 quas
715 1311 912 1360 ,praebet‘,
942 1310 1021 1348 scil.
1043 1310 1206 1347 civibus!
1266 1310 1328 1348 De
1357 1317 1441 1348 tota
1470 1323 1563 1348 vero
1591 1311 1844 1360 epistolarum
1873 1312 2003 1349 indole

24 1361 64 1435 ef
588 1382 716 1431 inique
758 1387 877 1430 atque
919 1393 1101 1431 perverse
1143 1381 1287 1418 iudicat
1326 1380 1569 1429 Soergelius;
1626 1393 1745 1430 quare
1791 1381 1854 1419 ille
1896 1383 2002 1431 quod

7 1438 61 1503 ‘'J‘'
587 1451 795 1488 liberorum
824 1451 1019 1488 desiderat
1048 1462 1223 1487 amorem
1253 1450 1408 1488 minime
1438 1451 1576 1495 miror;
1619 1452 1840 1499 quicunque
1868 1458 2000 1489 autem

11 1501 59 1544 ¹t3
587 1521 811 1569 incorrupto
827 1519 969 1557 iudicio
984 1519 1237 1569 epistolarum
1253 1519 1471 1569 fragmenta
1485 1520 1742 1570 perspexerit,
1772 1520 1816 1563 is,
1847 1520 2000 1570 opinor,

3 1579 56 1644 ‘f‘
587 1590 784 1637 intelleget
812 1601 878 1627 eas
906 1601 929 1626 a
950 1589 1108 1625 muliere
1137 1601 1291 1626 summo
1320 1594 1360 1626 et
1388 1591 1539 1638 patriae
1568 1594 1608 1627 et
1628 1589 1836 1626 liberorum
1866 1601 2000 1626 amore

3 1636 55 1673 ¹¹¹1
587 1659 741 1695 incensa
757 1658 922 1706 scriptas
937 1669 1036 1699 esse,
1066 1670 1089 1693 a
1110 1657 1266 1695 muliere
1283 1670 1370 1694 vere
1386 1658 1578 1700 Romana,
1608 1658 1764 1706 qualem
1781 1658 2000 1695 Corneliam

9 1718 56 1783 ‘⁰¹'
587 1727 705 1765 fuisse
751 1727 983 1776 accepimus,
1053 1726 1119 1764 Illa
1164 1727 1366 1776 Soergelio
1413 1727 1570 1776 quidem
1618 1727 1741 1765 filium
1788 1728 2002 1766 admonere

1 1782 52 1820 t’
586 1796 747 1841 videtur,
778 1802 820 1834 ut
849 1796 1024 1846 ‚patriam
1054 1798 1203 1846 perdat,
1243 1797 1458 1834 dummodo
1489 1798 1622 1835 matris
1651 1797 1760 1847 quies
1792 1797 1884 1834 nihil
1912 1799 2002 1835 inde

585 1866 784 1909 turbetur‘,
833 1866 945 1904 nobis
974 1873 1121 1910 autem,
1170 1873 1211 1904 ut
1240 1868 1405 1915 patriam
1435 1868 1582 1904 salvam
1612 1872 1818 1905 conservet
1848 1868 2001 1905 omissis

0 1927 48 1952 '⁰'
585 1935 678 1984 ipsis
724 1935 796 1972 illis
841 1936 1030 1979 consiliis,
1087 1935 1226 1984 quibus
1273 1937 1407 1973 matris
1454 1948 1609 1985 quoque
1655 1937 1834 1974 turbetur
1876 1936 1997 1986 quies.

0 1997 49 2022 κε
585 2004 722 2053 Neque
750 2017 842 2042 vero
871 2004 932 2042 illa
959 2004 1213 2054 pulcherrima
1232 2005 1352 2042 verba
1379 2005 1664 2054 praetermittit,
1708 2006 1848 2054 quibus
1877 2012 2001 2043 mater

1 2066 46 2092 ce
584 2073 633 2111 de
659 2073 903 2123 temporibus
932 2080 1025 2124 post
1052 2086 1162 2112 suam
1193 2081 1360 2112 mortem
1380 2075 1566 2112 admonet
1595 2074 1739 2119 filium;
1786 2086 1888 2124 quae
1916 2082 1996 2112 tam

0 2136 43 2162 'm
583 2143 713 2192 inepte
723 2149 939 2192 percenset,
957 2149 999 2181 ut
1013 2156 1101 2182 eum
1115 2144 1392 2193 psychologiae
1402 2145 1545 2182 iudices
1558 2155 1643 2182 esse
1655 2144 1996 2193 imperitissimum,

0 2195 40 2231 Ἢ.
583 2212 855 2262 peritissimum
876 2214 968 2251 artis
985 2214 1228 2263 sophisticae.
1271 2214 1328 2250 Ea
1347 2226 1501 2263 quoque
1521 2226 1621 2262 quae
1641 2218 1855 2262 sequuntur
1874 2214 1993 2251 verba

0 2277 41 2302 ²¹⁵
583 2283 620 2319 in
659 2283 861 2319 ludibrium
897 2289 1048 2320 vertere
1082 2288 1245 2320 conatur
1285 2284 1348 2331 (de
1382 2284 1509 2321 verbis
1548 2290 1725 2331 ,preces
1757 2290 1995 2331 expetere‘

0 2345 39 2370 ⁵⁶
582 2351 630 2389 cf.
663 2363 751 2400 pag.
785 2352 834 2389 10
862 2358 902 2389 et
931 2352 1014 2401 23),
1070 2352 1242 2389 maxime
1275 2351 1362 2389 illud
1405 2365 1474 2395 ,ne
1508 2353 1589 2389 ille
1623 2353 1740 2389 sirit
1771 2351 1998 2400 Juppiter

0 2415 36 2439 Μ’
582 2442 633 2447 -
663 2442 714 2448 —-
744 2421 833 2458 tibi
859 2427 1035 2459 tantam
1062 2421 1338 2459 dementiam
1365 2422 1527 2458 venire
1554 2421 1600 2458 in
1628 2421 1865 2458 animum‘:
1908 2432 1995 2457 eam

0 2483 35 2509 se
583 2490 657 2526 iam
698 2489 858 2527 infixam
895 2490 1051 2528 haerere
1085 2491 1122 2528 in
1156 2491 1237 2528 eius
1272 2491 1413 2528 animo.
1474 2479 1699 2533 At'Gaius‚
1747 2490 1895 2538 quippe
1931 2490 1997 2538 qui

0 2554 33 2579 ²⁵
582 2559 758 2595 nondum
788 2560 912 2597 inierit
941 2561 1151 2598 certamina
1178 2560 1353 2609 publica,
1398 2561 1466 2597 sed
1503 2560 1692 2608 petiturus
1731 2559 1849 2595 modo
1883 2558 1996 2595 fuerit

4 2611 30 2647 d
283 2629 298 2653 ¹
355 2625 367 2641 ⁰
582 2627 831 2674 tribunatum,
862 2634 945 2666 tum
973 2629 1104 2678 aliquo
1132 2630 1288 2666 numine
1315 2629 1444 2666 divino
1470 2628 1644 2666 revocari
1669 2632 1826 2676 poterat
1853 2627 1904 2664 ab
1928 2625 1994 2664 illa

0 2692 31 2716 ¹³
581 2697 790 2735 dementia.
847 2697 1025 2746 Denique
1053 2698 1116 2735 ille
1135 2705 1336 2747 postrema
1356 2698 1661 2746 fragmentorum
1680 2696 1798 2733 verba
1819 2696 1994 2733 invectus

0 2749 29 2786 [a
582 2765 787 2803 offenditur
825 2779 888 2813 eo,
935 2767 1042 2816 quod
1085 2772 1209 2805 mater
1251 2767 1372 2804 filium
1420 2768 1605 2804 admonet
1648 2766 1772 2814 ipsum
1824 2765 1874 2802 nil
1924 2765 1995 2803 nisi

2 2831 26 2855 ¹¹
582 2836 783 2873 molestias
812 2848 858 2874 ac
886 2836 1039 2874 labores
1068 2837 1140 2874 sibi
1170 2842 1392 2886 paraturum
1423 2848 1526 2878 esse,
1557 2834 1830 2872 convenienter
1859 2840 1991 2872 autem

2 2901 24 2925 a
580 2905 653 2942 toti
694 2907 1023 2953 argumentationi
1062 2905 1178 2943 finem
1218 2906 1311 2943 facit
1348 2905 1551 2953 magnifice
1592 2904 1811 2941 cavillatus:
1874 2905 1995 2952 ,quod

0 2968 23 2993 Π
580 2978 710 3011 autem
739 2975 894 3024 gravius
924 2974 1049 3012 scelus
1079 2975 1295 3024 excogitari
1325 2978 1477 3023 potest,
1521 2984 1636 3022 quam
1666 2972 1696 3009 si
1725 2972 1810 3021 quis
1839 2973 1924 3022 ipse
1953 2985 1995 3010 se

1 3038 23 3062 ⁰
581 3054 655 3080 sua
683 3044 798 3092 culpa
827 3044 1025 3081 laboribus
1054 3049 1094 3081 et
1123 3044 1301 3092 periculis
1329 3043 1469 3080 afficiat
1482 3043 1507 3079 Ρ(

0 3105 18 3120 '‘
689 3112 760 3149 His
789 3125 813 3150 a
833 3113 1032 3161 Soergelio
1061 3113 1221 3161 prolatis
1250 3112 1488 3161 argumentis
1508 3123 1623 3148 nemo
1642 3111 1798 3158 gravius
1818 3124 1994 3150 commo-

0 3167 20 3214 ἶ)
579 3186 714 3218 veatur
741 3181 798 3218 vir
826 3182 978 3220 doctus.
1038 3181 1095 3220 At
1130 3182 1394 3231 compluribus
1429 3180 1536 3217 annis
1569 3185 1664 3228 post
1692 3179 1779 3217 illae
1808 3182 1997 3231 epistolae

1806 3256 1826 3288 2
