1771 2968
766 205 1031 243 ,37-

188 337 303 376 quem
335 323 571 361 familiariter
598 325 756 359 constat
783 332 895 358 usum
925 332 1011 358 esse
1039 319 1239 362 Cicerone,
1269 319 1410 358 Attico
1438 319 1599 370 aliisque

187 395 279 432 viris
308 389 639 442 praeclarissimis,
668 385 805 427 credat
833 388 972 438 aliquis
999 392 1112 427 tanta
1141 388 1258 426 fuisse
1286 388 1448 426 stultitia
1471 394 1598 427 tanta-

186 476 263 513 que
302 461 485 503 audacia,
530 464 573 497 ut
600 459 675 497 illis
711 458 971 508 temporibus,
1014 458 1154 506 quibus
1191 458 1423 496 doctissimo
1461 460 1599 508 cuique

188 544 303 571 verae
332 529 536 568 Corneliae
564 528 756 578 epistolae
782 533 900 566 notae
927 533 1050 570 erant,
1079 528 1175 565 alias
1202 527 1445 576 confingeret
1473 527 1598 577 illique

186 600 397 641 tribueret?
452 599 515 636 Ac
558 597 738 647 profecto
779 597 865 635 illas
900 610 924 634 a
964 597 1152 635 Cicerone
1194 597 1373 635 laudatas
1414 598 1600 646 epistolas

187 676 353 721 apparet
389 681 467 707 non
503 679 589 706 esse
617 667 688 705 has
716 680 740 705 a
767 666 925 716 Nepote
952 666 1030 704 iam
1071 666 1261 705 confictas
1299 666 1492 711 falsarias,
1533 668 1598 705 eti·

187 741 285 779 amsi
317 752 368 777 ex
397 737 640 787 temporibus
667 737 811 786 petitas
831 736 1002 774 rationes
1020 736 1279 784 neglegimus;
1311 737 1467 774 minime
1495 737 1596 774 enim

186 809 254 847 illo
269 808 358 847 loco
371 807 506 846 Cicero
521 807 690 845 breviter
704 805 869 843 dixisset
889 805 1065 854 ,legimus
1085 805 1271 854 epistolas
1292 805 1494 844 Corneliae
1508 814 1595 855 sq.‘,

187 885 387 926 tamquam
424 878 456 913 si
493 877 578 913 illae
606 875 835 912 doctissimo
863 874 1002 922 cuique
1029 874 1104 911 iam
1123 875 1200 930 „diu
1229 880 1346 912 notae
1373 881 1525 917 essent,
1566 875 1597 912 si

188 959 230 985 re
249 959 342 984 vera
361 945 494 995 paucis
523 942 643 982 modo
670 943 778 981 annis
805 949 896 981 ante
923 942 1059 992 Nepos
1087 943 1172 981 illas
1200 944 1331 998 subito
1363 944 1595 991 ,invenisset‘

186 1017 209 1054 i.
230 1028 263 1055 e.
294 1015 558 1053 confluxisset.
616 1012 797 1060 Confingi
825 1018 956 1049 autem
985 1018 1287 1050 consentaneum
1316 1013 1429 1051 fuerit
1456 1013 1507 1050 ab
1530 1013 1595 1050 illo

188 1075 376 1133 epistolas
395 1088 463 1120 aut
492 1083 542 1120 ab
570 1082 645 1119 illis
674 1081 866 1130 prioribus
895 1085 962 1118 aut
981 1094 1004 1118 a
1024 1082 1222 1119 communi
1249 1082 1300 1119 de
1328 1081 1592 1119 Gracchorum

188 1147 314 1192 matre
343 1152 536 1190 sententia
563 1148 834 1194 abhorrentes,
863 1150 973 1188 aliter
1001 1151 1103 1189 enim
1131 1142 1183 1189 nil
1202 1153 1354 1200 egisset.
1411 1151 1471 1190 At
1497 1151 1595 1190 haec

187 1237 247 1261 res
281 1227 474 1270 utcunque
507 1233 550 1258 se
584 1220 723 1261 habet,
763 1221 851 1267 ipso
878 1230 902 1255 a
930 1219 1085 1267 Nepote
1122 1221 1219 1257 haec
1252 1221 1499 1269 interpolatio
1527 1222 1591 1257 ab·

185 1292 330 1330 horret.
380 1290 488 1328 Nam
532 1289 603 1326 etsi
646 1288 752 1326 illum
796 1287 982 1326 facultate
1023 1289 1155 1326 critica
1192 1290 1360 1327 caruisse
1402 1289 1596 1338 nimisque

187 1362 437 1410 neglegenter
479 1356 599 1396 libros
627 1357 908 1407 conscripsisse
936 1358 1006 1394 viri
1034 1358 1141 1395 docti
1170 1359 1435 1401 consentiunt,
1479 1370 1597 1396 nemo

186 1428 502 1479 comprobaverit
521 1427 690 1465 eundem
720 1427 900 1465 consulto
928 1427 989 1464 vel
1017 1428 1175 1465 minime
1203 1428 1440 1478 depravasse
1469 1440 1595 1465 rerum

186 1505 386 1548 gestarum
414 1499 655 1541 memoriam,
685 1510 802 1535 nemo
831 1509 919 1534 eum
947 1497 1085 1535 alicubi
1113 1511 1175 1536 res
1204 1498 1494 1536 commenticias
1524 1510 1596 1547 pro

186 1569 286 1607 veris
328 1566 534 1605 tradidisse
575 1561 798 1607 ostenderit.
855 1566 1029 1604 Maxime
1070 1567 1186 1616 igitur
1223 1568 1318 1605 mira
1356 1574 1462 1605 esset
1500 1568 1597 1604 haec

186 1638 442 1687 interpolatio.
490 1637 553 1674 Ac
573 1636 751 1685 profecto
769 1637 802 1673 si
830 1637 896 1674 ille
914 1636 1105 1674 malevole
1124 1637 1310 1686 epistolas
1330 1637 1595 1679 confluxisset,

187 1712 228 1745 ut
263 1707 529 1744 Gracchorum
569 1705 743 1754 partibus
785 1706 972 1743 maiorem
1011 1706 1195 1743 conflaret
1232 1706 1433 1749 invidiam,
1475 1719 1596 1755 quam

186 1777 316 1826 inepte
345 1776 422 1814 hoc
451 1775 597 1813 faceret
624 1775 687 1812 vel
715 1774 846 1813 facere
864 1776 1083 1813 conaretur!
1133 1776 1292 1814 Minime
1311 1777 1427 1819 enim,
1457 1780 1500 1814 ut
1519 1776 1597 1813 iam

185 1858 302 1895 saepe
342 1845 531 1894 explicui,
568 1844 640 1882 illis
668 1845 845 1893 epistolis
874 1844 1075 1883 Corneliae
1105 1845 1420 1883 Gracchorumve
1448 1850 1597 1883 attenu-

185 1920 302 1953 antur
329 1915 490 1952 virtutes
517 1913 866 1963 praeclarissimae,
910 1914 1065 1952 minime
1094 1927 1186 1953 vero
1213 1915 1251 1952 in
1279 1915 1351 1952 illis
1380 1927 1596 1962 cognoscas

185 1985 436 2022 acerbissime
473 1983 722 2021 condemnari
755 1984 853 2021 filios
887 1985 1013 2033 ipsos:
1063 1985 1362 2034 prudentissima
1391 1989 1513 2022 mater
1541 1985 1597 2021 in-

185 2066 319 2091 sanam
363 2065 447 2091 esse
489 2054 582 2090 dicit
623 2052 789 2091 filiorum
831 2054 1073 2092 rationem
1117 2051 1390 2104 rempublicam
1429 2054 1593 2093 iuvandi.

185 2124 322 2174 Itaque
361 2124 466 2166 nullo
496 2123 617 2162 modo
646 2124 860 2162 concedam
888 2124 939 2167 id,
969 2126 1074 2174 quod
1105 2125 1284 2173 Meyerus
1312 2131 1465 2170 censet,
1510 2124 1595 2162 illas

185 2193 375 2231 confictas
413 2205 500 2231 esse
533 2194 584 2230 ad
613 2192 877 2231 Gracchorum
908 2199 1040 2243 partes
1067 2195 1320 2232 infamandas.
1378 2193 1458 2232 Sed
1487 2205 1594 2231 com-

185 2263 363 2311 posuisse
383 2267 540 2300 censeat
559 2263 695 2312 aliquis
714 2262 911 2312 Nepotem
931 2263 1011 2302 illas
1031 2265 1183 2313 optimo
1203 2264 1363 2301 consilio
1391 2263 1441 2301 ad
1461 2275 1595 2302 veram

187 2331 389 2370 Corneliae
429 2330 638 2379 imaginem
680 2333 978 2381 depingendam.
1034 2333 1148 2372 Certe
1186 2334 1286 2371 hanc
1328 2333 1517 2370 habemus
1558 2334 1595 2370 in

188 2403 436 2450 fragmentis,
466 2402 515 2439 de
543 2401 683 2450 quibus
711 2403 860 2452 agitur;
888 2407 930 2441 at
956 2402 1044 2441 huic
1074 2403 1243 2452 opinioni
1273 2402 1490 2451 refragatur
1518 2403 1595 2440 iam

185 2469 291 2514 illud,
321 2472 428 2521 quod
457 2471 567 2509 illum
594 2471 825 2524 scriptorem
856 2485 904 2510 nc
933 2473 1126 2511 orationes
1155 2473 1309 2522 quidem
1330 2473 1498 2510 maiores
1517 2473 1596 2510 hoc

184 2540 346 2579 consilio
367 2540 591 2589 confingere
610 2540 883 2590 intellegimus,
912 2541 1132 2591 refragatur
1142 2543 1322 2586 >maxime
1343 2542 1594 2591 epistolarum
