1771 2968
750 205 1017 244 „26-

165 327 351 369 pereat‘
392 343 442 349 —-
479 327 672 363 ,tantum
713 322 954 361 molestiae
995 327 1260 371 tantumque
1300 323 1502 366 ladborae‘s‘
1542 346 1592 352 —

175 390 424 432 ‚miscenda
457 396 595 438 atque
618 391 945 439 perturbanda
974 404 1006 430 r.
1026 394 1117 439 pf),
1165 392 1355 428 concinna
1384 391 1592 429 verborum

173 459 459 508 compositione
497 459 765 497 vehementius
801 472 1053 498 commovere
1095 465 1258 498 conatur
1296 460 1363 497 filii
1399 461 1590 498 animum:

173 535 282 565 tanta
318 528 474 565 dicendi
511 528 683 565 sollertia
719 540 799 566 non
836 534 971 577 potest
1012 539 1089 566 non
1125 529 1288 578 relegari
1324 529 1363 566 in
1397 528 1594 567 Ciceronis

173 598 363 635 aetatem!

281 666 527 704 Simillimum
564 673 697 705 autem
734 679 893 706 necesse
930 673 990 707 est
1027 668 1334 717 fragmentorum
1374 678 1592 706 sermonem

173 737 425 785 comprobari
445 735 768 775 Gracchorum
798 738 977 778 orationi.
1035 737 1156 776 Cuius
1183 749 1310 787 pauca
1337 738 1387 775 ad
1415 743 1593 776 nostram

174 806 404 843 memoriam
434 811 692 855 pervenerunt
719 813 991 851 monumenta,
1034 807 1112 844 fere
1141 807 1193 844 nil
1220 806 1292 844 nisi
1321 805 1395 844 Gai
1425 806 1591 845 Gracchi

173 876 396 913 orationum
425 886 547 925 parva
575 874 815 924 fragmenta3
871 888 989 925 quarn
1026 877 1079 914 ob
1112 889 1193 914 rem
1223 875 1418 914 Ciceronis
1447 877 1497 914 de
1525 876 1592 914 illo

172 945 353 983 iudicium
381 946 501 994 (Brut.
531 945 595 988 33,
630 946 719 994 125)
746 945 1065 984 iucundissimum
1107 946 1157 983 sit
1184 947 1360 994 cognitur
1419 965 1483 989 ‚-—·
1512 946 1592 984 noli

172 1016 275 1052 enirn
304 1021 442 1064 putare
461 1027 696 1064 quemquam
726 1016 940 1065 pleniorem
970 1021 1038 1053 aut
1061 1016 1278 1053 uberiorem
1306 1016 1355 1053 ad
1383 1016 1591 1053 dicendum

173 1085 289 1123 fuisse
329 1106 378 1113 --
414 1106 462 1113 —
502 1085 660 1133 grandis
697 1089 757 1123 est
794 1085 940 1129 verbis,
988 1086 1145 1135 sapiens
1183 1085 1404 1129 sententiis,
1451 1095 1593 1134 genere

173 1161 261 1193 toto
305 1156 454 1204 gravis:
512 1166 650 1192 manus
696 1162 876 1193 extrema
923 1168 999 1193 non
1047 1157 1216 1194 accessit
1262 1156 1446 1204 operibus
1488 1156 1591 1193 eius:

173 1224 374 1273 praeclare
410 1224 594 1262 incohata
622 1224 763 1267 multa,
806 1225 978 1274 perfecta
1016 1237 1094 1262 non
1130 1225 1268 1274 plane.‘
1326 1224 1439 1273 Quae
1476 1225 1594 1262 verba

175 1294 312 1332 mirum
342 1299 531 1343 quantum
552 1295 759 1332 convenire
778 1295 814 1331 in
836 1294 1040 1333 Corneliae
1059 1306 1279 1332 sermonem
1299 1306 1416 1332 nemo
1436 1295 1592 1343 negabit

173 1364 344 1413 partium
391 1364 522 1401 studio
569 1364 764 1403 liberatus.
833 1363 992 1402 Scilicet
1034 1363 1235 1402 Ciceronis
1281 1364 1331 1401 de
1376 1364 1594 1413 antiquiore

171 1446 316 1482 genere
362 1434 516 1471 dicendi
564 1435 834 1471 Romanorum
881 1435 1065 1471 iudicium
1114 1434 1302 1471 maiorem
1349 1446 1427 1471 non
1475 1435 1594 1471 habet

172 1504 466 1540 auctoritatem!
528 1503 586 1540 At
615 1503 702 1552 ipsa
722 1503 1034 1553 contemplemur
1054 1503 1127 1541 Gai
1148 1503 1315 1541 Gracchi
1339 1514 1439 1552 quae
1466 1503 1594 1540 adhuc

171 1578 375 1612 servantur
404 1575 538 1612 verba!
599 1574 655 1613 Cf.
701 1587 755 1612 or.
801 1575 851 1613 de
889 1572 1039 1623 legibus
1074 1587 1098 1611 a
1133 1586 1176 1611 se
1211 1575 1471 1624 promulgatis
1514 1576 1591 1624 (ap.

172 1646 221 1683 H.
241 1645 379 1694 Meyer
398 1658 455 1686 or.
477 1647 536 1695 9):
567 1646 620 1694 ,Si
650 1647 792 1685 vellem
821 1648 924 1697 apud
955 1659 1028 1685 vos
1056 1647 1176 1685 verba
1203 1645 1333 1684 facere
1361 1650 1402 1684 et
1430 1658 1453 1683 a
1480 1647 1594 1684 vobis

172 1717 391 1766 postulare,
440 1730 527 1755 cum
556 1730 700 1767 genere
728 1730 883 1756 summo
912 1722 1021 1756 ortus
1048 1729 1195 1761 essem,
1243 1723 1283 1755 et
1318 1729 1406 1754 cum
1435 1717 1593 1764 fratrem

172 1792 335 1836 propter
362 1799 434 1825 vos
462 1788 693 1830 amisissem,
724 1800 794 1825 nec
823 1788 1032 1837 quisquam
1060 1787 1109 1825 de
1139 1788 1178 1826 P.
1204 1786 1377 1825 Africani
1406 1792 1447 1824 et
1464 1786 1593 1824 Tiberi

174 1855 339 1894 Gracchi
379 1856 525 1895 familia
562 1857 632 1894 nisi
672 1869 750 1905 ego
784 1864 824 1895 et
857 1869 954 1907 puer
991 1863 1244 1900 restaremus,
1288 1862 1330 1894 ut
1366 1856 1595 1906 pateremini

174 1926 250 1963 hoc
278 1931 457 1975 tempore
488 1938 549 1964 me
578 1927 787 1977 quiescere,
816 1938 863 1964 ne
883 1939 906 1965 a
926 1927 1047 1977 stirpe
1066 1938 1190 1977 genus
1209 1932 1387 1966 nostrum
1407 1925 1594 1969 interiret,

174 2003 214 2034 et
242 1998 297 2034 uti
327 1998 457 2046 aliqua
485 2009 668 2046 propago
695 1999 850 2045 generis
877 1999 999 2035 nostri
1028 1999 1176 2047 reliqua
1204 2003 1329 2035 esset:
1378 1997 1482 2034 hand
1511 1997 1595 2034 scio

173 2078 224 2103 an
261 2066 485 2104 lubentibus
522 2077 545 2103 a
573 2066 686 2104 vobis
714 2066 1013 2116 impetrassem.‘
1071 2065 1359 2117 Comparentur
1393 2076 1484 2104 cum
1521 2065 1595 2104 hac

173 2137 293 2185 longa
348 2137 625 2175 sententiarum
682 2137 976 2175 continuatione
1036 2137 1134 2175 haec
1190 2137 1312 2175 verba
1369 2136 1592 2175 Corneliae:

175 2228 238 2250 ,—
259 2220 387 2256 quem
415 2208 660 2256 oportebat
685 2208 885 2245 omnium
913 2219 1083 2252 eorum,
1112 2219 1222 2257 quos
1240 2206 1437 2244 antehac
1454 2206 1598 2244 habui

173 2277 547 2326 liberos,partis
566 2278 777 2315 tolerare
789 2284 926 2327 atque
943 2290 1124 2322 curare,
1144 2284 1340 2327 utquam
1359 2277 1595 2315 minimum

172 2347 519 2384 sollicitudinis
547 2348 593 2384 in
621 2353 805 2385 senecta
833 2348 1069 2390 haberem,
1107 2348 1269 2397 utique
1296 2356 1597 2396 quaecunque

173 2429 342 2466 ageres
369 2429 422 2454 ea
449 2417 594 2454 velles
613 2418 815 2455 maxime
842 2417 961 2455 mihi
981 2418 1173 2466 placere
1199 2423 1340 2466 atque
1367 2416 1438 2454 uti
1463 2418 1598 2460 nefas

173 2486 370 2523 lzaberes
406 2499 564 2523 rerum
602 2488 831 2524 maiorum
864 2488 1116 2524 adversum
1144 2498 1287 2524 meam
1313 2484 1596 2522 sententiam

175 2555 432 2604 quicquam
456 2558 641 2602 facere,
678 2557 970 2604 praesertim
1011 2556 1151 2601 mihi,
1191 2556 1265 2593 cui
1294 2561 1447 2599 parva
1477 2559 1598 2602 pars
