1771 2968
766 217 1028 255 ..28-

189 333 294 382 apud
323 333 520 382 Nepotem
561 332 680 371 verba
709 333 932 383 composita
960 345 1045 371 esse
1075 345 1162 370 eum
1193 333 1229 370 in
1261 333 1442 377 modum,
1486 346 1601 383 quem

188 415 306 452 supra
333 415 420 440 cum
442 409 552 440 aestu
582 402 777 440 maritimo
806 403 1042 452 comparavi,
1072 402 1141 440 sed
1171 401 1245 448 ille,
1275 403 1453 452 quamvis
1473 404 1604 453 negle-

187 478 346 521 gentem
388 483 508 521 saepe
544 484 586 509 se
625 472 832 521 praebeat,
875 472 1106 510 calamistris
1149 473 1259 520 quasi
1302 472 1448 521 scripta
1490 472 1606 510 inurit

188 541 381 590 nimiaque
402 542 634 579 morositate
653 546 831 579 attenuat
850 542 1079 581 orationem.
1124 541 1236 578 Hanc
1264 541 1364 578 enim
1394 541 1428 579 ei
1456 541 1604 579 crimini

188 610 258 648 des
289 611 461 648 maxime
499 622 586 647 eam
622 610 675 648 ob
712 622 810 661 rem,
853 610 959 660 quod
989 610 1134 648 eisdem
1164 609 1244 647 fere
1272 621 1427 659 semper
1456 610 1605 659 legibus

188 680 307 718 verba
338 680 559 729 componit:
604 680 710 718 velut
744 680 885 729 prioris
923 680 1086 718 membri
1122 680 1381 718 coniunctioni
1419 680 1605 718 nonnulla

187 749 307 786 verba
335 749 584 798 praemittere
612 753 653 787 et
680 750 876 798 iungenda
905 749 1121 798 disiungere
1149 749 1269 797 solet3
1312 749 1419 786 cuius
1448 749 1503 787 rei
1532 761 1604 798 op-

187 819 324 856 timum
354 824 487 857 censet
520 819 654 869 Lupus
687 819 913 869 exemplum
935 831 1022 857 esse
1042 818 1114 868 Ep.
1137 819 1173 865 6,
1204 818 1269 856 ubi
1290 818 1418 857 sexies
1438 819 1601 857 verbum

188 889 373 925 extremis
420 889 778 938 comprehensionis
826 888 1025 926 vocabulis
1073 888 1349 937 praemissum,
1398 888 1604 938 quinquies

187 958 382 1006 iungenda
416 959 606 996 disiuncta
651 970 736 996 esse
775 958 908 1008 paucis
943 958 981 996 in
1011 958 1187 1004 versibus
1215 958 1428 1007 intellegas,
1485 958 1600 996 Deni-

186 1039 262 1075 que
302 1039 460 1076 perraro
494 1028 597 1076 apud
632 1040 720 1064 eum
750 1028 882 1064 videas
911 1028 1078 1065 maiores
1106 1026 1318 1065 verborum
1346 1028 1602 1077 comprehen-

185 1097 326 1140 siones,
357 1103 399 1134 ut
418 1097 629 1146 abruptum
649 1109 735 1135 esse
756 1098 836 1136 eius
856 1109 979 1146 genus
998 1098 1150 1136 dicendi
1179 1097 1281 1135 nullo
1311 1098 1432 1135 modo
1460 1109 1603 1147 negare

186 1166 315 1213 possis
343 1166 407 1213 (cf.
430 1166 544 1203 Paus.
565 1167 602 1208 3,
616 1167 651 1204 2.
668 1167 710 1212 33
741 1167 841 1204 Tim.
864 1169 901 1211 13
933 1167 1024 1204 Dat.
1045 1167 1083 1209 4,
1100 1167 1137 1205 4.
1158 1168 1199 1212 5;
1231 1167 1358 1205 Hann.
1379 1168 1424 1212 63
1453 1167 1498 1204 10
1516 1168 1600 1215 sq.).

187 1234 297 1272 Haec
340 1236 471 1272 omnia
513 1247 630 1284 quam
671 1236 923 1273 vehementer
965 1235 1201 1274 abhorreant
1238 1249 1261 1273 a
1296 1238 1602 1284 fragmentorum

186 1316 380 1347 sermone,
411 1316 490 1342 non
519 1311 590 1347 est,
621 1305 727 1353 quod
758 1305 911 1353 longius
940 1305 1138 1344 disseram.

296 1373 486 1412 Universa
514 1374 631 1422 igitur
659 1374 825 1423 Nepotis
854 1375 980 1412 oratio
1008 1374 1261 1412 dissimillima
1288 1379 1349 1412 est
1377 1373 1425 1411 illi
1455 1375 1600 1424 episto-

186 1442 332 1486 larum,
373 1443 449 1480 iam
492 1455 587 1481 vero
630 1443 782 1492 singula
823 1443 1011 1481 vocabula
1047 1443 1290 1493 spectemus!
1348 1443 1443 1481 Inde
1478 1443 1603 1481 multo

188 1514 332 1551 maiora
362 1513 658 1562 proficiscuntur
685 1520 936 1562 argumenta,
981 1526 1069 1551 nam
1099 1513 1309 1563 compluria
1340 1513 1471 1557 verba,
1501 1525 1601 1562 quae

185 1582 237 1620 ab
257 1583 340 1620 aliis
369 1583 621 1632 scriptoribus
650 1594 768 1631 saepe
796 1588 979 1632 usurpata
1008 1595 1205 1632 nunquam
1234 1582 1364 1632 posita
1390 1595 1477 1620 esse
1495 1582 1601 1620 vide-

186 1665 272 1690 mus
307 1653 343 1689 in
380 1652 481 1689 illius
520 1653 644 1695 libris,
688 1653 725 1689 in
756 1653 958 1691 Corneliae
991 1652 1220 1701 fragmentis
1260 1653 1482 1701 reperimus.
1539 1652 1602 1689 Ac

186 1721 354 1770 primum
389 1722 544 1770 quidem
575 1723 786 1759 notandum
823 1728 884 1760 est
912 1722 1074 1760 verbum
1102 1735 1276 1762 necare.
1334 1721 1400 1759 Ille
1428 1722 1602 1771 quamvis

185 1804 306 1841 saepe
349 1792 517 1840 cuipiam
554 1805 689 1830 necem
734 1792 877 1830 illatam
920 1806 1004 1831 esse
1047 1793 1205 1836 reserat,
1248 1805 1443 1841 nunquam
1484 1793 1602 1830 utitur

185 1861 383 1900 vocabulo
421 1864 576 1901 necarel
637 1862 693 1900 At
729 1862 948 1913 interficere
982 1863 1111 1912 posuit
1144 1861 1273 1900 sexies
1302 1868 1341 1900 et
1369 1861 1602 1911 quadragies

184 1932 294 1979 (Milt.
311 1932 349 1974 4,
372 1934 410 1976 l;
442 1932 580 1971 Them.
596 1932 634 1975 4,
654 1934 698 1981 13
720 1932 791 1970 Ar.
807 1934 843 1982 2,
864 1935 902 1980 13
933 1933 1021 1970 Alc.
1039 1934 1076 1975 5,
1097 1934 1137 1978 l;
1173 1932 1233 1975 10,
1250 1932 1294 1977 3;
1331 1932 1388 1978 10,
1405 1933 1450 1976 4;
1483 1932 1600 1977 10,6;

186 2000 562 2048 Thras.1,5;4,4;
595 2001 700 2039 Dion
720 2002 821 2048 6,.⁷›;
852 2002 948 2046 7,1;
978 2001 1070 2048 8‚3;
1097 2001 1193 2048 9,6;
1224 2001 1308 2050 Iph.
1329 2001 1425 2047 2‚3;
1456 2000 1600 2042 Chabr.

186 2070 222 2112 4,
239 2070 281 2116 35
313 2069 405 2107 Dat.
425 2071 459 2113 1,
477 2071 520 2117 25
551 2071 644 2120 2‚2;
673 2070 771 2115 2,4;
803 2071 839 2113 6,
855 2071 892 2109 4.
912 2071 955 2116 73
986 2072 1023 2113 9,
1043 2071 1167 2118 1310,
1187 2071 1228 2116 1;
1264 2071 1323 2113 11,
1340 2071 1383 2117 53
1412 2070 1484 2119 Ep.
1504 2071 1540 2113 6,
1557 2071 1600 2117 2;

186 2139 261 2178 Pel.
286 2140 380 2185 1,4;
411 2140 448 2183 3,
470 2140 512 2188 3;
542 2141 579 2184 5,
600 2140 645 2186 5;
677 2140 788 2178 Eum.
817 2141 849 2190 1,
869 2140 910 2188 63
943 2141 978 2183 2,
999 2140 1043 2188 53
1071 2138 1168 2186 4‚3;
1198 2140 1235 2183 ὃ,
1256 2140 1295 2187 1;
1329 2140 1447 2188 11,3;
1482 2141 1600 2188 12,1;

162 2196 312 2257 ’12,2;
339 2210 457 2256 13,1;
489 2210 704 2255 Tim.1‚4;
734 2211 887 2258 2,1.2;
917 2211 968 2248 de
995 2222 1074 2259 reg.
1097 2209 1195 2258 3‚4;
1229 2210 1471 2257 Hann.3,1;
1502 2210 1598 2256 5,4;

185 2280 221 2322 8,
239 2280 280 2325 3;
317 2281 375 2325 10,
398 2280 433 2319 3.
457 2280 502 2326 6;
535 2280 621 2319 Att.
645 2282 681 2324 2,
705 2283 733 2319 1.
754 2282 802 2330 2),
832 2281 1003 2319 occidere
1024 2280 1207 2319 undecies
1235 2280 1344 2329 (Lys.
1366 2280 1403 2323 3,
1420 2280 1464 2330 4;
1486 2280 1600 2319 Dion.

189 2350 312 2395 10,1·;
344 2350 417 2399 Ep.
440 2351 476 2394 9,
502 2351 540 2396 1;
573 2350 653 2388 Pel.
678 2352 715 2394 3,
737 2352 778 2397 3;
810 2352 858 2389 de
888 2363 966 2400 xeg.
990 2352 1025 2394 2,
1052 2352 1089 2397 1;
1112 2351 1148 2394 3,
1170 2351 1213 2396 2;
1251 2350 1367 2390 Ham.
1386 2349 1421 2393 3,
1439 2350 1480 2396 3;
1501 2349 1539 2392 4,
1558 2350 1599 2395 2;

143 2455 149 2461 ,
185 2419 311 2458 Hann.
334 2419 372 2463 4,
388 2420 424 2459 3.
442 2422 485 2466 4;
517 2421 602 2459 Att.
622 2423 657 2464 8,
681 2422 725 2469 1),
756 2421 984 2459 interimere
1006 2428 1063 2458 ter
1089 2420 1192 2468 (Alc.
1219 2421 1278 2463 10,
1300 2421 1342 2466 6;
1373 2420 1486 2460 Eum.
1505 2419 1541 2462 6,
1557 2419 1599 2466 3;

183 2490 232 2526 de
253 2501 331 2537 reg.
356 2491 389 2533 l,
410 2490 459 2538 5).
510 2490 648 2539 Neque
667 2503 759 2527 vero
789 2490 914 2528 minus
946 2491 1104 2533 mireris,
1134 2490 1238 2539 quod
1260 2490 1421 2527 verbum
1445 2489 1601 2526 sinere

184 2564 411 2608 usurpatum
448 2565 508 2597 est
536 2560 574 2596 in
602 2559 672 2597 illis
701 2573 724 2597 a
752 2560 907 2611 Nepote
936 2560 1167 2611 compositis
1196 2558 1447 2608 fragmentis,
1492 2558 1600 2594 cuius
