1771 2968
692 196 953 234 ‘16—

114 314 275 351 Femina
331 314 476 350 liberali
528 314 723 360 indignam
772 325 860 350 esse
908 318 1040 349 censet
1086 312 1368 361 arrogantiam,
1423 312 1530 361 quod

115 383 293 421 Cornelia
332 382 572 420 carissimum
608 381 728 419 filium
766 383 970 432 admonet,
1013 387 1055 419 ut
1097 382 1134 419 in
1173 382 1287 421 rebus
1325 382 1532 419 maioribus

114 453 434 502 prudentissimae
464 453 597 489 matris
618 453 888 489 auctoritatem
911 452 1110 501 respiciat3
1142 452 1245 489 illam
1266 463 1356 489 eum
1388 452 1531 494 ,omnia

114 523 275 560 consilia
312 522 471 572 publica
508 522 687 560 omittere
723 523 868 561 iubere‘
908 535 959 560 ex
997 522 1226 571 fragmentis
1264 521 1369 560 nullo
1410 521 1532 559 modo

114 598 247 641 potest
293 593 432 640 colligi.
502 592 711 641 Nunquam
759 597 890 631 autem
937 593 1201 630 intellecturus
1248 604 1334 630 esse
1381 591 1533 630 videtur

115 662 338 711 Soergelius
355 662 585 710 Corneliam,
614 676 701 700 cum
720 662 861 701 Gaium
883 677 931 701 ne
949 664 1186 701 tribunatum
1207 668 1318 712 petat
1333 663 1531 705 admonet,

115 744 192 768 non
222 738 301 768 tam
332 744 442 768 suam
473 738 653 780 spectare
682 732 1005 770 commoditatem
1039 745 1158 782 quam
1193 733 1261 770 filii
1296 732 1465 769 salutem
1493 735 1534 768 et

115 800 363 849 reipublicae.
422 801 656 838 Rectissime
691 802 754 838 ille
788 802 919 844 matri,
963 804 994 839 si
1032 802 1099 839 filii
1137 802 1303 839 consiliis
1337 801 1533 838 adversari

114 869 248 912 voluit,
278 882 324 907 ea
352 870 500 920 patriae
529 870 600 920 ipsi
629 870 769 908 infesta
793 883 878 909 esse
903 871 1250 909 demonstrandum
1277 870 1392 908 fuisse
1420 869 1533 917 dieit;

116 940 211 976 haec
240 945 469 987 argumenta
498 941 605 988 quod
634 941 828 978 desiderat
856 954 935 978 non
963 942 1092 984 miror,
1122 942 1266 990 quippe
1285 942 1362 990 qui,
1393 941 1532 977 utiam

115 1021 232 1058 supra
261 1008 353 1051 dixi,
383 1009 474 1046 illud
503 1010 711 1058 neglegere
739 1011 925 1054 videatur,
961 1012 1067 1060 quod
1096 1011 1351 1060 epistolarum
1380 1022 1452 1048 nos
1481 1009 1533 1047 nil

115 1079 185 1115 nisi
236 1078 456 1126 fragmenta
504 1079 707 1118 habemus.
784 1081 962 1129 Denique
1009 1081 1078 1117 illis
1125 1092 1281 1129 quoque
1328 1080 1535 1116 offenditur

115 1147 255 1190 verbis,
285 1147 427 1196 quibus
455 1147 530 1185 iam
561 1148 763 1197 Langeus,
806 1156 906 1199 ,per
933 1163 999 1187 me
1013 1150 1172 1198 facito
1200 1149 1321 1199 quod
1344 1148 1533 1191 lubebit‚

115 1229 210 1254 cum
239 1229 319 1265 ego
347 1229 431 1254 non
458 1218 696 1269 sentz'am‘;
737 1219 786 1255 de
815 1219 875 1256 his
903 1219 1080 1256 conferas
1107 1231 1254 1268 quaeso
1283 1231 1372 1268 pag.
1394 1219 1428 1256 9.

224 1285 369 1323 Omnia
396 1298 491 1324 vero
521 1287 775 1336 epistolarum
805 1288 925 1326 verba
954 1288 1217 1338 percensenda
1243 1294 1360 1337 atque
1388 1288 1533 1336 impro-

115 1356 244 1393 banda
272 1367 360 1393 csse
388 1356 567 1393 videntur
587 1356 807 1405 Soergeli0;
838 1358 914 1395 iam
944 1357 1135 1395 invehitur
1163 1358 1201 1394 in
1229 1357 1294 1394 illa
1323 1357 1536 1405 ‚denique

114 1437 227 1473 quae
259 1431 413 1474 pausa
455 1425 578 1464 erit‘.
636 1425 750 1464 Certe
784 1426 902 1464 Gaius
946 1427 1129 1471 ,nondum
1168 1426 1355 1476 coeperat
1382 1425 1535 1475 publice

115 1501 258 1541 agerc‘,
302 1494 372 1530 sed
415 1494 491 1530 hoc
534 1495 638 1551 loco·
664 1494 834 1533 familiae
869 1497 892 1534 i.
923 1509 954 1533 e.
996 1496 1197 1544 utriusque
1239 1495 1305 1532 filii
1347 1495 1535 1532 insaniam

116 1564 290 1614 queritur
321 1562 498 1602 Cornelia
526 1563 590 1614 (cs.
622 1564 740 1603 verba
768 1578 868 1616 quae
897 1568 1139 1617 sequuntur),
1168 1578 1268 1616 quae
1296 1565 1373 1604 iam
1402 1565 1533 1603 Tiberi

115 1635 343 1682 gravissime
372 1635 513 1671 afflicta
551 1640 612 1671 est
650 1634 761 1672 factis
802 1636 979 1683 fatisque.
1038 1635 1162 1672 Multo
1199 1640 1330 1671 autern
1371 1634 1536 1681 ineptius

115 1702 320 1753 impugnat
348 1701 423 1748 illa,
454 1715 554 1753 quae.
574 1703 650 1742 iam
670 1710 905 1754 sequuntur:
937 1704 974 1743 in
1003 1704 1063 1743 his
1095 1704 1257 1743 miratur
1286 1703 1379 1742 nihil
1407 1702 1536 1742 inesse

116 1773 368 1820 gradationis,
398 1774 633 1810 antecedere
653 1775 844 1821 graviora,
877 1775 1025 1811 minora
1052 1774 1173 1821 sequi.
1232 1773 1390 1809 Minime
1419 1772 1536 1820 igitur

116 1841 311 1879 rhetorice
340 1841 393 1879 illi
423 1841 676 1892 epistolarum
705 1843 826 1882 verba
845 1843 951 1882 dicta
970 1856 1055 1881 esse
1075 1843 1270 1891 videntur;
1310 1854 1387 1892 qua
1415 1854 1467 1879 ex
1496 1853 1536 1878 re

116 1912 212 1947 alius
231 1910 400 1948 fortasse
419 1913 476 1947 vir
492 1912 618 1949 minus
638 1913 780 1949 doctus
800 1925 866 1950 eas
886 1925 909 1950 a
929 1912 1084 1950 falsario
1104 1912 1275 1961 quodam
1292 1911 1536 1959 compositas

116 1991 214 2018 non
257 1990 344 2018 esse
386 1981 573 2021 coniciatl
649 1981 803 2020 Deinde
850 1981 1092 2021 intolerabile
1133 1994 1220 2020 esse
1261 1985 1396 2020 censet
1439 1979 1535 2018 illud

118 2051 369 2099 ,ecquando
423 2051 605 2088 desinet
647 2052 851 2102 familia
906 2058 1068 2090 nostra
1124 2051 1372 2089 insanire‘:
1440 2061 1538 2087 unus

116 2119 307 2164 Tiberius,
337 2120 472 2170 inquit,
502 2123 713 2160 certamina
733 2122 890 2171 publica
910 2122 1003 2165 iniit,
1033 2121 1065 2159 is
1094 2127 1225 2159 autem
1256 2120 1361 2158 solus
1391 2119 1538 2158 familia

117 2191 193 2227 dici
231 2190 353 2227 mullo
394 2191 516 2227 modo
559 2195 703 2239 potest.
762 2190 965 2239 Conced0;
1022 2196 1063 2228 at
1106 2198 1229 2227 mater
1269 2189 1417 2227 sciebat
1459 2201 1537 2226 non

116 2260 304 2298 minorem
336 2272 424 2297 esse
452 2260 640 2298 insaniam
667 2261 705 2297 in
727 2259 839 2304 Gaio,
869 2260 1015 2310 quippe
1044 2260 1121 2309 qui,
1151 2265 1193 2297 ut
1221 2259 1348 2298 fratris
1377 2259 1538 2297 consilia

117 2334 391 2378 persequatur,
435 2331 513 2367 iam
551 2330 743 2378 petiturus
781 2330 896 2367 suerit
933 2330 1182 2367 tribunatum.
1241 2329 1370 2366 Acute
1407 2333 1539 2365 autem

116 2399 176 2436 ille
210 2421 262 2426 —
298 2400 381 2448 ipse
418 2400 576 2448 quidem
613 2400 785 2449 loquitur
823 2398 1021 2449 εἰρωνικῶς
1048 2422 1100 2428 —-
1128 2399 1246 2436 verba
1290 2397 1540 2448 ‚ecquando

117 2468 378 2506 desinemus
397 2475 441 2506 et
456 2468 675 2507 habentes
693 2470 1027 2518 etpraebentes
1046 2468 1279 2507 molestiis
1297 2468 1537 2506 insistere‘

118 2550 169 2575 ex
204 2537 358 2576 Graeco
399 2538 635 2588 deprompta
674 2551 760 2577 esse
799 2551 979 2577 sermone
1015 2539 1179 2591 (ἔχοντες
1205 2539 1272 2577 καὶ
1299 2536 1541 2588 παρέχοντες)
