1771 2968
743 220 1006 259 ...35-

165 341 262 379 fides
289 336 545 376 labefactatur
567 333 761 379 Plutarchi
789 334 917 373 verbis
942 334 1001 384 (C.
1023 334 1087 374 Gr.
1110 335 1150 384 4)
1179 333 1211 380 ,6
1229 337 1347 389 δῆμος
1370 334 1478 389 ἐτίμα
1509 338 1574 389 τὴν

165 407 379 459 Κορνηλίαν
408 403 512 443 οὐδὲν
540 403 647 457 ἦττον
675 402 751 442 ἀπὸ
778 409 848 441 τῶν
876 402 1017 441 παίδων
1045 402 1070 455 ἢ
1098 409 1160 442 τοῦ
1189 404 1340 455 πατρός,
1368 404 1414 458 ἧς
1440 419 1481 454 γε
1510 408 1575 444 καὶ

166 463 316 529 χαλκῆν
352 471 479 513 εἰκόνα
513 476 652 524 στήσας
679 471 829 523 ὕστερον
858 472 995 524 ἔγραψε
1024 471 1250 524 Κορνηλίαν,
1280 477 1422 525 μητέρα
1450 473 1574 525 Γράκ-

164 547 266 598 χωνῆ
322 544 413 582 Hoc
448 555 606 592 quoque
638 543 730 581 loco
769 543 1003 580 monendum
1033 546 1095 579 est
1122 541 1227 578 nulla
1254 554 1297 579 re
1323 544 1572 593 comprobari

165 615 237 653 illis
270 612 513 663 temporibus
541 618 677 650 notum
705 612 822 650 fuisse
850 612 984 650 matris
1011 612 1061 649 de
1089 610 1254 649 filiorum
1281 612 1451 651 consiliis
1479 613 1574 651 iudi-

164 684 285 730 cium3
328 688 433 720 certe
474 681 537 718 illa
577 681 683 719 nullo
725 682 846 719 modo
887 681 1167 718 adversabatur
1210 679 1289 717 filio
1333 681 1574 719 tribunatum

165 750 322 801 adepto.
380 749 435 788 At
475 760 568 787 vero
611 748 768 788 minime
809 750 945 799 ignara
987 755 1071 788 erat
1112 748 1222 798 plebs
1261 761 1437 788 summae
1477 751 1576 790 inter

164 827 329 859 matrem
356 821 400 858 ‘et
432 819 558 857 filium
586 819 754 868 pietatis,
782 830 884 868 quae
913 831 1002 857 cum
1030 819 1112 857 aliis
1140 819 1268 862 rebus,
1297 824 1380 857 tum
1408 821 1578 858 maxime
1637 824 1643 828 '

164 890 264 928 illius
282 889 471 928 adversus
491 887 701 927 Octavium
731 889 832 927 latae
851 887 1066 938 rogationis
1093 889 1342 927 revocatione
1369 891 1575 939 perspicua

165 960 269 998 facta
297 963 391 998 erat.
451 958 632 997 Ceterum
652 959 737 1009 ipsa
764 959 884 997 verba
910 964 1065 997 statuae
1092 958 1276 1008 inscripta
1303 959 1574 998 demonstrant

165 1029 382 1067 Corneliam
415 1028 482 1065 illo
523 1028 673 1066 honore
710 1034 864 1066 auctam
900 1040 986 1066 csse
1028 1040 1106 1065 non
1140 1034 1221 1065 tam
1258 1032 1419 1079 propter
1453 1028 1574 1078 ipsius

163 1098 346 1142 virtutes,
377 1110 493 1147 quam
521 1109 609 1136 eam
637 1098 691 1136 ob
719 1111 811 1141 rem,
850 1099 956 1147 quod
983 1098 1182 1136 Tiberium
1210 1104 1248 1136 et
1277 1097 1417 1136 Gaium
1456 1110 1572 1147 pepe-

164 1173 284 1218 rerat,
327 1167 434 1216 quod
469 1167 703 1207 educaverat
737 1167 836 1205 illos.
892 1167 1031 1216 Neque
1059 1167 1161 1205 enim
1195 1167 1315 1205 tradit
1343 1167 1572 1207 Plutarchus

163 1237 346 1286 inscripta
373 1236 495 1275 fuisse
521 1237 640 1275 verba
669 1234 889 1288 ,Κορνηλία,
926 1235 1109 1287 Γράκχων
1138 1238 1336 1287 συνεργόό,
1364 1237 1435 1275 scd
1463 1234 1571 1286 ,Κορ-

163 1306 286 1352 νελία,
326 1308 447 1357 μήτηρ
475 1304 688 1357 Γράκχων“;
731 1317 863 1344 veram
892 1311 1023 1344 autem
1061 1317 1147 1343 esse
1182 1305 1279 1343 illius
1312 1305 1571 1347 narrationem

162 1375 248 1425 ipsa
275 1387 348 1414 nos
375 1376 492 1414 docet
520 1380 673 1415 statuae
700 1375 805 1414 basis
833 1376 990 1415 inventa
1017 1388 1119 1414 anno
1143 1375 1255 1414 1878.
1309 1374 1448 1424 ltaque
1466 1376 1572 1415 nullo

163 1444 284 1482 modo
325 1456 378 1483 ex
419 1445 486 1483 illo
514 1445 709 1483 Plutarchi
745 1445 836 1483 loco
874 1444 1004 1495 colligi
1043 1443 1169 1494 possit
1204 1450 1370 1484 matrem
1406 1444 1571 1484 filiorum

163 1514 445 1564 comprobasse
472 1514 654 1563 consilia;
688 1514 775 1564 ipsa
801 1527 895 1553 vero
925 1514 997 1553 Gai
1027 1515 1245 1553 orationum
1275 1514 1496 1564 fragmenta
1522 1515 1572 1553 de

162 1582 237 1620 hac
265 1594 306 1621 re
335 1583 385 1621 nil
413 1585 602 1634 praebent
629 1584 831 1623 iucundius
858 1584 1030 1634 cognitu.

271 1652 448 1702 Denique
467 1666 544 1692 non
564 1653 690 1703 magis
715 1654 817 1693 valet
836 1660 1037 1706 postrema
1055 1654 1168 1698 ratio,
1197 1666 1276 1703 qua
1301 1660 1573 1696 commovetur

161 1721 354 1771 Meyerus.
410 1723 592 1772 Magnam
620 1723 721 1761 enim
741 1724 820 1762 vim
848 1724 986 1762 tribuit
1013 1724 1185 1762 eiusdem
1212 1725 1412 1773 scriptoris
1440 1736 1571 1764 narra·

160 1792 254 1830 tioni
283 1792 324 1830 C.
342 1792 406 1831 Gr.
431 1793 498 1833 13:
538 1792 715 1837 ,ἐνταῦθα
742 1795 808 1832 καὶ
835 1795 899 1846 τὴν
929 1792 1070 1846 μητέρα
1103 1794 1268 1842 λέγουσιν
1305 1791 1404 1844 αὐτῷ
1439 1807 1572 1834 συστα-

161 1863 304 1910 σιάσαι,
348 1861 600 1916 μισθουμένην
644 1862 717 1903 ἀπὸ
757 1870 823 1917 τῆς
864 1862 970 1916 ξένης
1004 1864 1128 1916 κρυφα
1162 1865 1227 1902 καὶ
1263 1862 1478 1915 πέμπουσαν
1515 1863 1571 1909 εἰς

161 1928 308 1984 Ῥώμην
346 1931 487 1984 ἄνδρας
527 1931 579 1976 ὡς
615 1933 661 1987 δὴ
690 1935 877 1985 θεριστάς·
907 1939 1023 1973 ταῦτα
1056 1931 1128 1985 γὰρ
1166 1931 1204 1974 ἐν
1239 1940 1315 1976 τοῖς
1351 1932 1570 1979 ἐπιστολίοις

161 2000 275 2056 αὐτῆς
293 2002 472 2056 ᾐνιγμένα
498 2005 710 2057 γεγράφθαι
736 2006 828 2055 πρὸς
854 2006 914 2043 τὸν
943 2001 1031 2044 υἱόν.
1078 2003 1194 2055 ἕτεροι
1222 2004 1262 2044 δὲ
1290 2007 1354 2044 καὶ
1381 2008 1475 2046 πάνυ
1502 2011 1569 2059 τῆς

162 2069 375 2124 Κορνηλίας
420 2073 735 2126 δυσχεραινοὺσης
780 2079 895 2114 ταῦτα
940 2075 1169 2125 πράττεσθαι
1215 2076 1404 2123 λέγουσίν.ι
1478 2075 1568 2114 Meo

160 2140 319 2189 quidem
347 2143 491 2180 iudicio
520 2154 620 2191 quae
647 2143 726 2182 hoc
754 2143 843 2182 loco
871 2155 940 2192 per
969 2145 1125 2193 ,λέγουσι
1153 2145 1362 2196 γεγράφθαι
1389 2142 1568 2195 ᾐνιγμένα

160 2206 197 2246 ἐν
226 2208 455 2255 ἐπιστολίοις*
492 2212 688 2252 fabulatur
713 2212 943 2253 Plutarchus
971 2213 1157 2252 maiorem
1188 2215 1460 2254 auctoritatem
1489 2225 1568 2255 non

159 2278 317 2325 habent,
347 2287 479 2321 tamen
511 2269 613 2321 serio
640 2287 854 2323 tractemus
881 2282 934 2322 de
960 2283 1038 2321 hoc
1066 2283 1166 2322 loco.
1214 2283 1315 2323 Aliis
1343 2283 1462 2332 igitur
1489 2295 1569 2332 ‚ge-

158 2349 295 2389 nuinis‘
331 2351 504 2401 epistolis
543 2352 622 2390 ulla
650 2353 894 2391 dubitatione
921 2357 1057 2392 amota
1085 2353 1375 2393 evidentissime
1402 2353 1566 2395 demon·

159 2424 324 2459 stratum
353 2428 414 2460 est
433 2421 650 2463 Corneliam
677 2423 782 2463 viros
810 2428 984 2477 armatos
1012 2423 1180 2463 Romam
1210 2423 1372 2466 misisse,
1401 2429 1445 2464 ut
1473 2435 1570 2464 aux·

158 2487 225 2526 ilio
264 2497 395 2529 essent
423 2491 516 2530 filio.
573 2491 664 2542 Quo
694 2492 815 2533 modo
842 2492 921 2531 hoc
949 2492 1174 2533 adversatur
1201 2492 1476 2542 epistolarum.
1516 2493 1569 2535 de

159 2557 297 2606 quibus
323 2561 465 2610 agitur,
494 2562 751 2612 argumento?
808 2561 906 2603 Cum
934 2563 983 2600 de
1011 2561 1077 2600 filii
1106 2561 1294 2611 agebatur
1322 2562 1403 2603 vita
1428 2563 1484 2612 (id
1502 2563 1569 2605 illo

1377 2635 1418 2669 30
