1771 2968
700 215 963 253 -24—

120 338 301 381 expetere
334 331 499 370 eandem
534 331 809 368 tantummodo
843 342 958 380 quam
988 329 1086 368 velle
1113 334 1351 379 potestatem
1381 331 1538 374 habere,

121 406 164 438 ut
193 413 255 450 ap.
287 401 407 438 Plaut.
449 399 555 438 Trin.
596 398 674 437 365
715 411 771 442 ,se
805 398 985 436 fictorem
1022 398 1191 448 probum
1226 399 1328 437 vitae
1362 400 1541 449 agundae

121 482 208 508 esse
225 470 404 519 expetit‘‚
435 469 513 508 652
544 481 694 518 ,agrum
714 468 785 506 tibi
806 469 968 517 relinqui
988 473 1159 518 expeto‘,
1189 469 1267 508 674
1288 470 1393 518 ,quid
1414 469 1540 508 facere

121 545 318 589 expetas‘3
377 538 487 577 Curc.
524 539 595 576 107
639 539 778 587 ,ipsum
815 543 963 587 expeto
992 544 1184 587 tangere‘;
1244 538 1315 577 As.
1340 539 1388 578 27
1429 539 1540 582 ‚scire

120 610 303 658 expetis‘;
334 608 425 648 Aul.
440 608 537 654 652;
568 608 685 646 Poen.
709 607 830 655 1131;
861 608 962 646 Rud.
983 607 1072 651 240,
1095 608 1169 646 917
1183 621 1191 654 ;
1224 608 1311 647 Cas.
1333 608 1419 651 184,
1440 608 1537 655 669;

119 678 199 716 Mil.
243 679 341 727 glor.
376 677 495 725 1258;
552 675 672 713 Most.
703 676 802 722 625;
861 676 954 714 Cist.
985 676 1081 724 5543
1139 677 1228 714 Ter.
1275 677 1398 717 Andr.
1437 678 1539 725 6963-

120 747 260 786 Heaut.
282 748 374 791 383,
395 746 492 794 8903
523 746 711 783 Pacuvius
731 746 853 784 Iliona
881 745 966 795 (srg.
987 746 1057 795 IX)
1086 746 1136 790 ,di
1165 758 1228 784 me
1258 759 1346 785 esse
1365 747 1537 785 adiutam

119 822 336 866 expetunt‘.
394 814 616 864 Soergelius
653 814 808 863 quidem
848 816 1072 863 verborum,
1114 816 1163 853 de
1201 816 1338 865 quibus
1373 816 1537 865 agimus,

121 886 298 935 ,ineptiis‘
315 885 486 923 maxime
502 884 674 921 offensus
693 884 806 922 deum
826 897 903 922 non
919 885 1187 933 subiectivum,
1215 885 1285 924 sed
1302 885 1538 923 obiectivum

119 955 335 1003 genitivum
366 966 452 992 esse
481 954 686 1002 ignorasse
715 954 875 991 videtur.
936 953 1115 1003 Denique
1148 966 1226 991 non
1255 954 1538 1003 neglegendam

118 1036 207 1062 esse
254 1030 352 1074 puto
394 1024 602 1061 verborum
643 1036 712 1066 ‚ne
754 1024 840 1060 ille
881 1023 1002 1061 sirit
1026 1023 1268 1072 Juppiter‘
1307 1024 1538 1073 gravitatem

117 1094 379 1143 antiquiorum
409 1092 705 1130 convenientem
737 1092 926 1140 religioni,
972 1092 1078 1129 cuius
1117 1093 1284 1142 effigiem
1323 1093 1470 1130 habeas
1499 1094 1538 1130 in

117 1163 239 1200 Plauti
279 1163 451 1200 maxime
488 1174 686 1206 sermone;
745 1162 924 1200 conferas
953 1174 1101 1211 quaeso
1131 1163 1241 1200 Cure.
1272 1164 1320 1201 27
1361 1174 1447 1206 ,nec
1475 1175 1539 1201 me

117 1232 178 1269 ille
207 1231 292 1270 sirit
317 1232 526 1281 Juppiter‘;
570 1231 709 1269 Pseud.
732 1231 810 1269 923
841 1231 907 1274 ,ita
934 1231 995 1269 ille
1024 1231 1122 1268 faxit
1137 1231 1351 1281 Juppiter‘;
1399 1232 1538 1269 eadem

116 1301 237 1338 verba
268 1300 417 1351 Amph.
436 1300 540 1346 461;
570 1300 685 1340 Most.
715 1300 805 1339 398.
861 1300 1068 1338 Postremo
1098 1307 1228 1338 autem
1258 1301 1406 1350 singula
1436 1301 1538 1350 frag·

118 1374 338 1407 mentorum
380 1370 498 1407 verba
536 1370 780 1418 percensenti
815 1370 958 1407 incidat
993 1370 1084 1406 illud
1126 1376 1237 1412 ,tute
1269 1371 1390 1418 tz'bi‘3
1448 1382 1538 1407 nam

116 1438 355 1477 vocabulum
398 1443 481 1476 tute
524 1439 804 1487 posterioribus
851 1450 1007 1488 quoque
1055 1439 1296 1488 temporibus
1342 1439 1535 1477 interdum

117 1509 293 1558 usurpari
323 1509 486 1551 seimus,
531 1514 662 1546 tamen
702 1509 926 1557 antiquioris
965 1497 1211 1558 potissimum
1247 1511 1447 1558 proprium
1488 1510 1538 1547 sit

116 1579 318 1617 sermonis.
377 1577 533 1615 Etenim
563 1578 653 1615 illud
674 1579 886 1627 reperimus
917 1579 1021 1627 apud
1044 1579 1222 1616 Plautum
1251 1579 1421 1627 positum
1451 1591 1538 1616 esse

115 1648 250 1684 novies
279 1653 320 1684 et
349 1648 548 1695 sexagies,
578 1648 684 1697 apud
712 1648 936 1685 Terentium
968 1653 1106 1696 quater
1134 1654 1173 1684 et
1201 1648 1336 1690 vicies,
1367 1649 1538 1686 maxime

113 1722 244 1754 autem
286 1717 357 1762 ita,
403 1722 445 1753 ut
482 1728 551 1765 per
587 1717 879 1755 alliterationem
920 1729 1114 1755 conexum
1153 1717 1202 1754 sit
1237 1729 1326 1754 cum
1364 1717 1538 1766 quolibet

113 1787 364 1835 pronomine:
397 1792 476 1823 tute
504 1787 573 1824 tibi
604 1799 665 1835 ap.
687 1787 808 1825 Plaut.
831 1787 946 1825 Truc.
968 1787 1065 1835 8433
1098 1787 1209 1826 Cure.
1231 1787 1276 1833 9;
1308 1786 1445 1824 Pseud.
1467 1787 1534 1834 20;

113 1855 233 1893 Stich.
266 1856 361 1903 7083
409 1856 511 1896 Eun.
553 1868 641 1894 ann.
677 1857 762 1894 151.
821 1863 905 1894 tute
948 1857 1024 1894 tuis
1053 1870 1114 1906 ap.
1145 1857 1266 1895 Plaut.
1295 1857 1412 1895 Truc.
1443 1857 1532 1895 793.

111 1929 196 1962 tute
240 1931 367 1963 tecum
399 1926 478 1963 Mil.
508 1925 604 1974 glor.
636 1926 733 1971 422;
792 1930 878 1964 Ter.
910 1926 1053 1964 Heaut.
1084 1927 1174 1966 200.
1205 1931 1292 1965 tute
1332 1932 1373 1964 te
1411 1927 1533 1964 Plaut.

112 1994 217 2033 Trin.
248 1995 345 2041 977;
390 1995 504 2044 Epid.
534 1995 605 2043 973
651 1996 797 2033 Accius
827 1996 1044 2044 Eurysaces
1072 1996 1156 2045 (frg.
1187 1997 1285 2034 XVI
1315 1997 1449 2045 Ribb.)

219 2064 283 2101 De
302 2064 431 2101 verbis
459 2065 546 2108 uti,
575 2065 713 2109 lubet,
743 2066 974 2114 ecquando
1002 2067 1214 2115 paucisque
1234 2066 1317 2103 aliis
1341 2066 1535 2103 disserere

111 2133 222 2177 nolo,
272 2134 416 2183 quippe
450 2134 590 2182 quibus
625 2134 933 2183 fragmentorum
963 2136 1075 2173 color
1111 2136 1305 2185 antiquior
1333 2140 1534 2184 augeatur,

110 2204 391 2252 comprobetur
407 2215 484 2240 non
500 2204 604 2240 item.
649 2203 748 2240 Illud
765 2216 857 2241 vero
873 2205 1126 2253 epistolarum
1142 2205 1230 2242 fidei
1248 2204 1534 2253 refragantibus

110 2273 234 2311 multo
265 2273 434 2310 maiores
464 2274 652 2322 praebeat
681 2274 942 2318 difficultates,
973 2275 1080 2324 quod
1109 2274 1299 2312 nonnullis
1328 2286 1379 2312 ex
1407 2274 1535 2312 verbis

107 2346 273 2391 (pausa
311 2365 358 2369 —
394 2343 655 2380 desinemus
689 2350 733 2381 et
766 2344 980 2382 habentes
1014 2350 1059 2382 et
1088 2345 1369 2393 praebentes
1404 2343 1535 2382 mole-

106 2412 221 2450 stiis
249 2412 478 2459 insistere
509 2435 556 2440 —
580 2414 893 2462 perpudescet
917 2414 1154 2453 miscenda
1185 2420 1323 2464 atque
1346 2420 1533 2464 pertur-

107 2482 262 2519 banda
281 2495 315 2520 r.
329 2484 392 2530 p.)
421 2483 524 2519 haud
554 2488 701 2520 temere
721 2484 890 2521 conicias
911 2485 993 2522 illas
1015 2485 1180 2533 scriptas
1201 2497 1285 2521 esse
1306 2485 1357 2521 ab
1376 2484 1533 2522 homine

108 2550 347 2589 Graecorum
379 2553 416 2589 in
447 2552 582 2591 litteris
612 2553 774 2591 multum
805 2558 983 2594 versato:
1015 2555 1121 2606 quod
1150 2555 1298 2606 optime
1328 2553 1534 2594 convenire

107 2617 143 2651 in
173 2615 395 2653 Corneliam
423 2629 541 2655 nemo
571 2618 743 2666 negabit.
