1771 2968
748 186 984 224 -9-

163 317 251 344 cum
271 305 352 342 aliis
371 302 580 341 offenditur
599 301 797 339 vocabulis
817 300 991 343 insolitis,
1021 304 1104 339 tum
1127 302 1297 339 maxime
1326 301 1572 344 ‚intolerabili

162 373 393 421 battologia‘
414 371 620 409 verborum
642 370 845 419 ,denique
871 382 987 420 quae
1004 375 1159 418 pausa
1187 371 1315 408 erite*
1345 383 1400 420 sq.
1456 371 1573 420 Quod

161 445 259 481 intra
274 453 421 491 paucos
429 452 564 478 versus
575 440 734 477 eaedem
748 452 787 477 se
800 439 1015 476 locutiones
1026 440 1235 488 excipiunt,
1253 440 1291 477 id
1303 441 1433 477 studio
1449 442 1573 490 magis

162 515 296 550 censet
316 509 552 547 Mercklinus
581 514 622 547 et
650 509 830 552 consilio,
860 520 977 558 quam
1006 508 1097 547 forti
1126 510 1299 547 deberil!
1350 510 1462 558 Quae
1482 511 1572 547 mihi

162 582 317 631 quidem
362 580 534 616 maxima
576 584 665 616 sunt
707 583 936 627 argumenta
980 579 1195 621 ‚scribentis
1217 580 1510 627 festinationem
1539 586 1577 617 et

163 650 274 688 modo
306 649 455 697 scripta
481 654 630 697 parum
664 647 907 685 recordantis
939 649 1209 686 conestantz'a‘!

273 719 407 767 Atque
427 718 523 755 haec
542 718 698 766 quidem
715 716 954 755 Mercklinus.
989 717 1153 754 Uberius
1173 723 1301 755 autem
1319 718 1571 767 epistolarum

163 789 381 837 fragmenta
401 788 583 826 tractavit
597 787 857 836 Nipperdeius
876 786 914 823 in
934 799 992 830 eo,
1023 789 1128 836 quod
1148 789 1196 825 de
1218 787 1396 825 Cornelio
1416 788 1573 837 Nepote

163 857 317 907 scripsit
335 858 540 906 spicilegio
558 857 703 895 critico.
752 855 831 904 Qui
851 868 926 894 non
948 857 1073 894 solum
1096 857 1169 900 illa,
1200 869 1300 906 quae
1319 870 1342 894 a
1361 857 1573 895 Mercklino

162 926 291 975 posita
332 939 417 964 esse
455 927 709 975 cognovimus
746 932 977 974 argumenta
1015 926 1211 975 praeclare
1250 926 1454 970 refutavit,
1503 928 1572 965 sed

162 997 278 1034 etiam
299 997 474 1045 Langen,
518 997 601 1033 viro
631 995 870 1038 doctissimo,
915 996 1140 1033 adversatus
1168 1002 1228 1033 est
1257 996 1506 1034 vehementer
1534 997 1573 1034 in

162 1066 349 1114 epistolas
377 1066 531 1103 invecto
566 1077 725 1113 remque
753 1071 834 1102 tam
863 1065 1082 1112 diligenter,
1126 1074 1203 1102 tam
1240 1067 1429 1103 concinne
1456 1073 1573 1115 atque

162 1139 275 1172 acute
304 1133 493 1177 disseruit,
523 1139 563 1170 ut
592 1145 728 1170 omnes
756 1133 821 1170 illo
849 1134 888 1169 in
916 1133 1015 1170 libro
1044 1135 1288 1182 acquiescere
1308 1146 1426 1182 posse
1447 1140 1570 1183 putes.

162 1204 344 1252 Langeus
372 1204 527 1252 quidem
559 1202 761 1241 Corneliae
799 1203 969 1240 moribus
998 1209 1199 1241 censuerat
1227 1205 1411 1253 refragari
1442 1205 1572 1247 verba,

163 1279 256 1322 ,per
288 1286 354 1310 me
375 1273 550 1321 facito,
597 1272 718 1321 quod
747 1272 938 1317 lubebit,
986 1285 1080 1310 cum
1117 1285 1198 1322 ego
1231 1286 1317 1311 non
1352 1275 1572 1314 sentiam«

163 1343 391 1392 Quicunque
419 1343 500 1380 sine
519 1343 574 1380 ira
595 1349 634 1380 et
653 1342 783 1380 studio
804 1342 1053 1392 epistolarum
1074 1341 1293 1391 fragmenta
1313 1345 1570 1393 perspexerit,

161 1413 192 1450 is
232 1425 308 1450 non
346 1413 470 1450 minus
504 1424 620 1460 quam
649 1412 912 1461 Nipperdeius
946 1413 1146 1460 cognitum
1181 1413 1341 1451 habebit
1371 1414 1573 1452 Corneliae

161 1482 385 1520 consilium:
435 1482 591 1519 minime
629 1482 693 1520 illa
729 1482 882 1531 ignorat
910 1486 949 1520 et
977 1481 1235 1531 aegritudines
1270 1489 1309 1520 et
1345 1484 1574 1533 cupiditates

161 1552 363 1589 extenuari
405 1552 485 1594 die,
542 1552 661 1589 filium
709 1557 839 1589 autem
888 1552 1056 1589 consiliis
1103 1553 1140 1588 in
1187 1554 1378 1601 praesenti
1422 1554 1574 1590 omissis

163 1630 355 1659 mortuam
386 1621 510 1669 magis
538 1621 746 1658 veriturum
777 1627 952 1658 matrem.
1011 1620 1130 1669 Quod
1165 1621 1227 1658 ille
1262 1634 1340 1659 non
1369 1623 1573 1659 convenire

162 1697 274 1741 putat
313 1693 351 1728 in
388 1704 490 1735 eam,
548 1704 647 1740 quae
685 1691 795 1729 huius
835 1692 938 1729 modi
976 1691 1158 1739 epistolas
1195 1691 1409 1741 scripserit,
1467 1693 1573 1730 illam

163 1761 355 1799 Plutarchi
377 1761 608 1805 Corneliam,
638 1773 737 1810 quae
765 1766 858 1810 post
886 1760 1053 1798 filiorum
1076 1767 1242 1799 mortem
1264 1761 1376 1799 fuerit
1406 1760 1574 1814 ἀπενθὴς

161 1834 225 1869 καὶ
245 1830 454 1881 ἀδάκρυτος
477 1831 535 1879 (C.
554 1831 620 1868 Gr.
643 1832 715 1879 19),
736 1832 951 1869 rectissime
971 1831 1253 1880 Nipperdeius:
1285 1845 1361 1868 non
1381 1839 1574 1881 repugnat

161 1900 218 1944 iis,
248 1913 347 1950 quae
368 1901 416 1938 de
437 1913 582 1950 magno
602 1900 818 1939 referuntur
838 1900 1039 1939 Corneliae
1059 1900 1199 1939 animo.
1249 1901 1421 1939 Maxime
1441 1907 1572 1939 autem

162 1970 333 2009 offensus
353 1978 436 2008 erat
454 1972 634 2020 Langeus
650 1994 700 1999 —
717 1971 896 2009 laudatus
917 1972 954 2008 in
971 1972 1045 2008 hac
1060 1982 1100 2007 re
1116 1971 1234 2008 etiam
1249 1983 1272 2008 a
1288 1971 1502 2008 Mercklino
1527 1993 1573 1999 —-

162 2041 336 2090 pleniore
378 2041 442 2079 illa
485 2041 550 2078 filii
591 2041 875 2090 nuncupatione
919 2042 1014 2091 ‚qui
1047 2040 1284 2079 Tiberium
1317 2040 1573 2079 Gracchum

161 2117 406 2149 necarunt‘.
466 2110 554 2160 Qua
592 2110 855 2160 appellatione
891 2111 954 2148 ille
991 2111 1145 2160 quidem
1183 2113 1404 2148 convictum
1441 2117 1574 2148 censet

161 2182 281 2219 teneri
317 2182 507 2219 misellum
537 2182 857 2223 declamatorem,
902 2181 1163 2230 Nipperdeius
1201 2187 1331 2218 autem
1366 2182 1573 2230 praecipue

161 2251 460 2289 commemorari
480 2250 584 2289 illam
605 2263 657 2289 ex
678 2263 752 2288 una
768 2250 1034 2288 Gracchorum
1056 2250 1201 2288 familia
1222 2256 1400 2287 exortam
1423 2256 1572 2288 tantam

160 2321 392 2370 reipublicae
420 2322 752 2370 perturbationem
782 2321 1023 2369 filiorumque
1051 2322 1249 2359 insaniam.

267 2390 406 2439 Neque
446 2402 539 2428 vero
576 2391 639 2428 ille
678 2396 906 2440 argumenta
947 2391 997 2428 ab
1035 2390 1266 2428 adversariis
1305 2402 1357 2427 ex
1398 2391 1574 2428 oratione

160 2461 284 2507 petita
327 2462 484 2498 omittit.
555 2464 611 2496 Ac
653 2461 820 2508 primum
865 2460 1022 2509 quidem
1061 2461 1291 2498 adversatur
1320 2460 1572 2502 Bernhardio,

161 2530 224 2578 qui
240 2529 342 2578 (hist.
361 2529 432 2568 litt.
450 2530 563 2568 Rom.
579 2542 618 2580 p.
630 2529 696 2578 88)
711 2530 819 2568 nimis
834 2534 1030 2569 recentem
1044 2534 1245 2567 censuerat
1261 2529 1567 2578 fragmentorum
