<?xml version="1.0" encoding="UTF-8"?>
<!DOCTYPE html PUBLIC "-//W3C//DTD XHTML 1.0 Transitional//EN"
    "http://www.w3.org/TR/xhtml1/DTD/xhtml1-transitional.dtd">
<html xmlns="http://www.w3.org/1999/xhtml" xml:lang="en" lang="en">
 <head>
  <title>
</title>
<meta http-equiv="Content-Type" content="text/html;charset=utf-8" />
  <meta name='ocr-system' content='tesseract 3.04.00' />
  <meta name='ocr-capabilities' content='ocr_page ocr_carea ocr_par ocr_line ocrx_word'/>
</head>
<body>
  <div class='ocr_page' id='page_1' title='image "4737351_0014.png"; bbox 0 0 1771 2968; ppageno 0'>
   <div class='ocr_carea' id='block_1_1' title="bbox 764 293 1003 333">
    <p class='ocr_par' dir='ltr' id='par_1_1' title="bbox 764 293 1003 333">
     <span class='ocr_line' id='line_1_1' title="bbox 764 293 1003 333; baseline 0.004 -11"><span class='ocrx_word' id='word_1_1' title='bbox 764 293 1003 333; x_wconf 78' lang='grc'>..6.-</span> 
     </span>
    </p>
   </div>
   <div class='ocr_carea' id='block_1_2' title="bbox 175 408 1599 668">
    <p class='ocr_par' dir='ltr' id='par_1_2' title="bbox 175 408 1592 459">
     <span class='ocr_line' id='line_1_2' title="bbox 175 408 1592 459; baseline -0.001 -11"><span class='ocrx_word' id='word_1_2' title='bbox 175 423 328 448; x_wconf 88' lang='lat' dir='ltr'>summa</span> <span class='ocrx_word' id='word_1_3' title='bbox 368 410 536 448; x_wconf 87' lang='lat' dir='ltr'>breviter</span> <span class='ocrx_word' id='word_1_4' title='bbox 573 409 768 459; x_wconf 86' lang='lat' dir='ltr'>explicata</span> <span class='ocrx_word' id='word_1_5' title='bbox 811 414 1043 459; x_wconf 86' lang='lat' dir='ltr'>argumenta</span> <span class='ocrx_word' id='word_1_6' title='bbox 1084 422 1172 446; x_wconf 90' lang='lat' dir='ltr'>cum</span> <span class='ocrx_word' id='word_1_7' title='bbox 1215 421 1236 446; x_wconf 90' lang='lat' dir='ltr'>a</span> <span class='ocrx_word' id='word_1_8' title='bbox 1267 408 1470 458; x_wconf 84' lang='lat' dir='ltr'>Soergelio</span> <span class='ocrx_word' id='word_1_9' title='bbox 1512 414 1592 447; x_wconf 89' lang='lat' dir='ltr'>tum</span> 
     </span>
    </p>

    <p class='ocr_par' dir='ltr' id='par_1_3' title="bbox 177 477 1596 530">
     <span class='ocr_line' id='line_1_3' title="bbox 177 477 1596 530; baseline -0.001 -12"><span class='ocrx_word' id='word_1_10' title='bbox 177 480 348 519; x_wconf 81' lang='lat' dir='ltr'>maxime</span> <span class='ocrx_word' id='word_1_11' title='bbox 367 493 390 518; x_wconf 93' lang='lat' dir='ltr'>a</span> <span class='ocrx_word' id='word_1_12' title='bbox 410 480 573 530; x_wconf 89' lang='lat' dir='ltr'>Meyero</span> <span class='ocrx_word' id='word_1_13' title='bbox 602 478 755 529; x_wconf 89' lang='lat' dir='ltr'>prolata</span> <span class='ocrx_word' id='word_1_14' title='bbox 775 478 964 523; x_wconf 85' lang='lat' dir='ltr'>refellam,</span> <span class='ocrx_word' id='word_1_15' title='bbox 995 492 1160 529; x_wconf 89' lang='lat' dir='ltr'>quorum</span> <span class='ocrx_word' id='word_1_16' title='bbox 1189 477 1437 529; x_wconf 84' lang='lat' dir='ltr'>opinionibus</span> <span class='ocrx_word' id='word_1_17' title='bbox 1465 478 1596 516; x_wconf 84' lang='lat' dir='ltr'>adhuc</span> 
     </span>
    </p>

    <p class='ocr_par' dir='ltr' id='par_1_4' title="bbox 177 537 1599 668">
     <span class='ocr_line' id='line_1_4' title="bbox 177 537 1599 597; baseline 0.001 -11"><span class='ocrx_word' id='word_1_18' title='bbox 177 561 295 587; x_wconf 90' lang='lat' dir='ltr'>nemo</span> <span class='ocrx_word' id='word_1_19' title='bbox 325 549 544 597; x_wconf 82' lang='lat' dir='ltr'>refragatus</span> <span class='ocrx_word' id='word_1_20' title='bbox 573 560 660 586; x_wconf 92' lang='lat' dir='ltr'>esse</span> <span class='ocrx_word' id='word_1_21' title='bbox 690 549 852 587; x_wconf 89' lang='lat' dir='ltr'>videtur.</span> <span class='ocrx_word' id='word_1_22' title='bbox 1586 537 1599 547; x_wconf 39' lang='lat'>‘¹</span> 
     </span>
     <span class='ocr_line' id='line_1_5' title="bbox 284 618 1044 668; baseline -0.001 -12"><span class='ocrx_word' id='word_1_23' title='bbox 284 619 498 657; x_wconf 89' lang='lat' dir='ltr'>Praemitto</span> <span class='ocrx_word' id='word_1_24' title='bbox 527 618 777 668; x_wconf 89' lang='lat' dir='ltr'>epistolarum</span> <span class='ocrx_word' id='word_1_25' title='bbox 807 618 1044 667; x_wconf 84' lang='lat' dir='ltr'>fragmenta:</span> 
     </span>
    </p>
   </div>
   <div class='ocr_carea' id='block_1_3' title="bbox 175 687 1597 942">
    <p class='ocr_par' dir='ltr' id='par_1_5' title="bbox 175 687 1597 942">
     <span class='ocr_line' id='line_1_6' title="bbox 283 687 1597 727; baseline -0.002 -9"><span class='ocrx_word' id='word_1_26' title='bbox 283 705 335 726; x_wconf 88' lang='lat'>,—-</span> <span class='ocrx_word' id='word_1_27' title='bbox 362 706 399 710; x_wconf 98' lang='lat'><strong>—</strong></span> <span class='ocrx_word' id='word_1_28' title='bbox 430 689 523 718; x_wconf 85' lang='lat' dir='ltr'>Dices</span> <span class='ocrx_word' id='word_1_29' title='bbox 551 688 709 727; x_wconf 85' lang='lat' dir='ltr'>pulchrum</span> <span class='ocrx_word' id='word_1_30' title='bbox 743 698 808 718; x_wconf 86' lang='lat' dir='ltr'>esse</span> <span class='ocrx_word' id='word_1_31' title='bbox 842 689 981 718; x_wconf 89' lang='lat' dir='ltr'>inimicos</span> <span class='ocrx_word' id='word_1_32' title='bbox 1015 688 1130 725; x_wconf 89' lang='lat' dir='ltr'>ulcisci,</span> <span class='ocrx_word' id='word_1_33' title='bbox 1173 687 1205 716; x_wconf 90' lang='lat' dir='ltr'>id</span> <span class='ocrx_word' id='word_1_34' title='bbox 1240 696 1337 726; x_wconf 89' lang='lat' dir='ltr'>neque</span> <span class='ocrx_word' id='word_1_35' title='bbox 1371 688 1467 716; x_wconf 84' lang='lat' dir='ltr'>maius</span> <span class='ocrx_word' id='word_1_36' title='bbox 1500 697 1597 726; x_wconf 80' lang='lat' dir='ltr'>neque</span> 
     </span>
     <span class='ocr_line' id='line_1_7' title="bbox 175 741 1596 782; baseline -0.001 -10"><span class='ocrx_word' id='word_1_37' title='bbox 175 742 328 781; x_wconf 82' lang='lat' dir='ltr'><strong>pulchrius</strong></span> <span class='ocrx_word' id='word_1_38' title='bbox 349 742 489 781; x_wconf 83' lang='lat' dir='ltr'>cuiquam</span> <span class='ocrx_word' id='word_1_39' title='bbox 512 748 601 782; x_wconf 86' lang='lat' dir='ltr'>atque</span> <span class='ocrx_word' id='word_1_40' title='bbox 624 742 699 771; x_wconf 88' lang='lat' dir='ltr'>mihi</span> <span class='ocrx_word' id='word_1_41' title='bbox 720 752 786 772; x_wconf 90' lang='lat' dir='ltr'>esse</span> <span class='ocrx_word' id='word_1_42' title='bbox 807 743 933 779; x_wconf 84' lang='lat' dir='ltr'>videtur,</span> <span class='ocrx_word' id='word_1_43' title='bbox 956 743 1009 772; x_wconf 86' lang='lat' dir='ltr'>sed</span> <span class='ocrx_word' id='word_1_44' title='bbox 1032 742 1056 772; x_wconf 91' lang='lat' dir='ltr'>si</span> <span class='ocrx_word' id='word_1_45' title='bbox 1079 742 1167 771; x_wconf 87' lang='lat' dir='ltr'>liceat</span> <span class='ocrx_word' id='word_1_46' title='bbox 1188 741 1344 780; x_wconf 80' lang='lat' dir='ltr'>republica</span> <span class='ocrx_word' id='word_1_47' title='bbox 1365 741 1449 770; x_wconf 78' lang='lat' dir='ltr'>salva</span> <span class='ocrx_word' id='word_1_48' title='bbox 1470 751 1506 770; x_wconf 85' lang='lat' dir='ltr'>ea</span> <span class='ocrx_word' id='word_1_49' title='bbox 1527 750 1596 780; x_wconf 92' lang='lat' dir='ltr'>per·</span> 
     </span>
     <span class='ocr_line' id='line_1_8' title="bbox 175 794 1596 835; baseline -0.001 -10"><span class='ocrx_word' id='word_1_50' title='bbox 175 796 269 835; x_wconf 88' lang='lat' dir='ltr'>sequi.</span> <span class='ocrx_word' id='word_1_51' title='bbox 293 796 347 825; x_wconf 91' lang='lat' dir='ltr'>sed</span> <span class='ocrx_word' id='word_1_52' title='bbox 370 801 517 835; x_wconf 85' lang='lat' dir='ltr'>quatenus</span> <span class='ocrx_word' id='word_1_53' title='bbox 533 796 565 826; x_wconf 88' lang='lat' dir='ltr'>id</span> <span class='ocrx_word' id='word_1_54' title='bbox 580 795 643 825; x_wconf 84' lang='lat' dir='ltr'>fieri</span> <span class='ocrx_word' id='word_1_55' title='bbox 660 806 720 825; x_wconf 92' lang='lat' dir='ltr'>non</span> <span class='ocrx_word' id='word_1_56' title='bbox 736 801 846 834; x_wconf 82' lang='lat' dir='ltr'>potest,</span> <span class='ocrx_word' id='word_1_57' title='bbox 869 796 965 826; x_wconf 89' lang='lat' dir='ltr'>multo</span> <span class='ocrx_word' id='word_1_58' title='bbox 989 800 1123 834; x_wconf 84' lang='lat' dir='ltr'>tempore</span> <span class='ocrx_word' id='word_1_59' title='bbox 1146 795 1305 834; x_wconf 86' lang='lat' dir='ltr'>multisque</span> <span class='ocrx_word' id='word_1_60' title='bbox 1329 794 1463 833; x_wconf 80' lang='lat' dir='ltr'>partibus</span> <span class='ocrx_word' id='word_1_61' title='bbox 1477 794 1596 824; x_wconf 87' lang='lat' dir='ltr'>inimici</span> 
     </span>
     <span class='ocr_line' id='line_1_9' title="bbox 175 848 1593 888; baseline -0.001 -9"><span class='ocrx_word' id='word_1_62' title='bbox 175 850 270 879; x_wconf 84' lang='lat' dir='ltr'>nostri</span> <span class='ocrx_word' id='word_1_63' title='bbox 294 859 355 879; x_wconf 90' lang='lat' dir='ltr'>non</span> <span class='ocrx_word' id='word_1_64' title='bbox 378 850 519 888; x_wconf 87' lang='lat' dir='ltr'>peribunt</span> <span class='ocrx_word' id='word_1_65' title='bbox 541 855 647 888; x_wconf 80' lang='lat' dir='ltr'>atque,</span> <span class='ocrx_word' id='word_1_66' title='bbox 670 849 712 879; x_wconf 84' lang='lat' dir='ltr'>nti</span> <span class='ocrx_word' id='word_1_67' title='bbox 735 859 815 880; x_wconf 87' lang='lat' dir='ltr'>nunc</span> <span class='ocrx_word' id='word_1_68' title='bbox 838 855 921 887; x_wconf 84' lang='lat' dir='ltr'>sunt,</span> <span class='ocrx_word' id='word_1_69' title='bbox 953 855 1038 879; x_wconf 83' lang='lat' dir='ltr'>erunt</span> <span class='ocrx_word' id='word_1_70' title='bbox 1060 849 1162 888; x_wconf 88' lang='lat' dir='ltr'>potius</span> <span class='ocrx_word' id='word_1_71' title='bbox 1183 858 1274 887; x_wconf 80' lang='lat' dir='ltr'>quam</span> <span class='ocrx_word' id='word_1_72' title='bbox 1296 848 1466 887; x_wconf 71' lang='lat' dir='ltr'>respublica</span> <span class='ocrx_word' id='word_1_73' title='bbox 1489 848 1593 887; x_wconf 85' lang='lat' dir='ltr'>profli-</span> 
     </span>
     <span class='ocr_line' id='line_1_10' title="bbox 175 906 520 942; baseline 0 -10"><span class='ocrx_word' id='word_1_74' title='bbox 175 907 263 940; x_wconf 84' lang='lat' dir='ltr'>getur</span> <span class='ocrx_word' id='word_1_75' title='bbox 285 909 375 941; x_wconf 85' lang='lat' dir='ltr'>atque</span> <span class='ocrx_word' id='word_1_76' title='bbox 398 906 520 942; x_wconf 71' lang='lat' dir='ltr'>pereat-⁴</span> 
     </span>
    </p>
   </div>
   <div class='ocr_carea' id='block_1_4' title="bbox 699 954 1074 993">
    <p class='ocr_par' dir='ltr' id='par_1_6' title="bbox 699 954 1074 993">
     <span class='ocr_line' id='line_1_11' title="bbox 699 954 1074 993; baseline -0.003 0"><span class='ocrx_word' id='word_1_77' title='bbox 699 955 836 993; x_wconf 89' lang='lat' dir='ltr'>eadem</span> <span class='ocrx_word' id='word_1_78' title='bbox 864 954 941 993; x_wconf 88' lang='lat' dir='ltr'>alio</span> <span class='ocrx_word' id='word_1_79' title='bbox 968 954 1074 993; x_wconf 90' lang='lat' dir='ltr'>loco:</span> 
     </span>
    </p>
   </div>
   <div class='ocr_carea' id='block_1_5' title="bbox 175 1029 1599 1974">
    <p class='ocr_par' dir='ltr' id='par_1_7' title="bbox 175 1029 1599 1974">
     <span class='ocr_line' id='line_1_12' title="bbox 284 1029 1598 1069; baseline -0.002 -10"><span class='ocrx_word' id='word_1_80' title='bbox 284 1046 336 1067; x_wconf 87' lang='lat'>,—-</span> <span class='ocrx_word' id='word_1_81' title='bbox 360 1046 401 1052; x_wconf 95' lang='lat'><strong>—</strong></span> <span class='ocrx_word' id='word_1_82' title='bbox 425 1031 534 1059; x_wconf 83' lang='lat' dir='ltr'>Verbis</span> <span class='ocrx_word' id='word_1_83' title='bbox 578 1031 734 1069; x_wconf 84' lang='lat' dir='ltr'>conceptis</span> <span class='ocrx_word' id='word_1_84' title='bbox 778 1031 909 1059; x_wconf 86' lang='lat' dir='ltr'>deierare</span> <span class='ocrx_word' id='word_1_85' title='bbox 946 1031 1059 1067; x_wconf 87' lang='lat' dir='ltr'>ausim,</span> <span class='ocrx_word' id='word_1_86' title='bbox 1104 1034 1310 1068; x_wconf 79' lang='lat' dir='ltr'>praeterquam</span> <span class='ocrx_word' id='word_1_87' title='bbox 1356 1030 1406 1067; x_wconf 89' lang='lat' dir='ltr'>qui</span> <span class='ocrx_word' id='word_1_88' title='bbox 1440 1029 1598 1058; x_wconf 87' lang='lat' dir='ltr'>Tiberium</span> 
     </span>
     <span class='ocr_line' id='line_1_13' title="bbox 176 1082 1597 1121; baseline -0.002 -8"><span class='ocrx_word' id='word_1_89' title='bbox 176 1083 346 1113; x_wconf 79' lang='lat' dir='ltr'>Gracchum</span> <span class='ocrx_word' id='word_1_90' title='bbox 378 1087 537 1120; x_wconf 81' lang='lat' dir='ltr'>necarunt,</span> <span class='ocrx_word' id='word_1_91' title='bbox 579 1083 732 1113; x_wconf 90' lang='lat' dir='ltr'>neminem</span> <span class='ocrx_word' id='word_1_92' title='bbox 763 1083 917 1113; x_wconf 88' lang='lat' dir='ltr'>inimicum</span> <span class='ocrx_word' id='word_1_93' title='bbox 946 1088 1062 1113; x_wconf 89' lang='lat' dir='ltr'>tantum</span> <span class='ocrx_word' id='word_1_94' title='bbox 1093 1083 1247 1112; x_wconf 80' lang='lat' dir='ltr'>molestiae</span> <span class='ocrx_word' id='word_1_95' title='bbox 1269 1087 1445 1121; x_wconf 81' lang='lat' dir='ltr'>tantumque</span> <span class='ocrx_word' id='word_1_96' title='bbox 1475 1082 1597 1117; x_wconf 86' lang='lat' dir='ltr'>laboris,</span> 
     </span>
     <span class='ocr_line' id='line_1_14' title="bbox 176 1137 1598 1177; baseline -0.001 -10"><span class='ocrx_word' id='word_1_97' title='bbox 176 1143 321 1177; x_wconf 75' lang='lat' dir='ltr'>quantum</span> <span class='ocrx_word' id='word_1_98' title='bbox 343 1142 373 1167; x_wconf 85' lang='lat' dir='ltr'>te</span> <span class='ocrx_word' id='word_1_99' title='bbox 395 1137 437 1167; x_wconf 94' lang='lat' dir='ltr'>ob</span> <span class='ocrx_word' id='word_1_100' title='bbox 460 1138 515 1167; x_wconf 81' lang='lat' dir='ltr'>has</span> <span class='ocrx_word' id='word_1_101' title='bbox 535 1147 581 1167; x_wconf 86' lang='lat' dir='ltr'>res</span> <span class='ocrx_word' id='word_1_102' title='bbox 604 1137 680 1167; x_wconf 84' lang='lat' dir='ltr'>mihi</span> <span class='ocrx_word' id='word_1_103' title='bbox 704 1138 876 1173; x_wconf 78' lang='lat' dir='ltr'>tradidisse:</span> <span class='ocrx_word' id='word_1_104' title='bbox 924 1148 1014 1177; x_wconf 88' lang='lat' dir='ltr'>quem</span> <span class='ocrx_word' id='word_1_105' title='bbox 1037 1138 1196 1176; x_wconf 81' lang='lat' dir='ltr'>oportebat</span> <span class='ocrx_word' id='word_1_106' title='bbox 1217 1137 1353 1167; x_wconf 86' lang='lat' dir='ltr'>omnium</span> <span class='ocrx_word' id='word_1_107' title='bbox 1376 1146 1491 1174; x_wconf 87' lang='lat' dir='ltr'>eorum,</span> <span class='ocrx_word' id='word_1_108' title='bbox 1522 1146 1598 1175; x_wconf 90' lang='lat' dir='ltr'>quos</span> 
     </span>
     <span class='ocr_line' id='line_1_15' title="bbox 176 1183 1597 1230; baseline -0.001 -10"><span class='ocrx_word' id='word_1_109' title='bbox 176 1191 305 1220; x_wconf 73' lang='lat' dir='ltr'>antehac</span> <span class='ocrx_word' id='word_1_110' title='bbox 327 1191 420 1220; x_wconf 82' lang='lat' dir='ltr'>habui</span> <span class='ocrx_word' id='word_1_111' title='bbox 443 1191 564 1227; x_wconf 87' lang='lat' dir='ltr'>liberos,</span> <span class='ocrx_word' id='word_1_112' title='bbox 598 1191 691 1228; x_wconf 66' lang='lat' dir='ltr'>pertis</span> <span class='ocrx_word' id='word_1_113' title='bbox 714 1190 844 1230; x_wconf 83' lang='lat' dir='ltr'>(eorum)</span> <span class='ocrx_word' id='word_1_114' title='bbox 869 1183 994 1220; x_wconf 66' lang='lat' dir='ltr'>ffolerare</span> <span class='ocrx_word' id='word_1_115' title='bbox 1017 1196 1105 1229; x_wconf 80' lang='lat' dir='ltr'>atque</span> <span class='ocrx_word' id='word_1_116' title='bbox 1128 1200 1240 1227; x_wconf 82' lang='lat' dir='ltr'>curare,</span> <span class='ocrx_word' id='word_1_117' title='bbox 1268 1195 1301 1219; x_wconf 89' lang='lat' dir='ltr'>ut</span> <span class='ocrx_word' id='word_1_118' title='bbox 1322 1200 1413 1228; x_wconf 88' lang='lat' dir='ltr'>quam</span> <span class='ocrx_word' id='word_1_119' title='bbox 1438 1190 1597 1218; x_wconf 85' lang='lat' dir='ltr'>minimum</span> 
     </span>
     <span class='ocr_line' id='line_1_16' title="bbox 176 1242 1598 1283; baseline -0.001 -10"><span class='ocrx_word' id='word_1_120' title='bbox 176 1243 391 1274; x_wconf 80' lang='lat' dir='ltr'>sollicitudinis</span> <span class='ocrx_word' id='word_1_121' title='bbox 413 1243 443 1273; x_wconf 92' lang='lat' dir='ltr'>in</span> <span class='ocrx_word' id='word_1_122' title='bbox 467 1249 588 1273; x_wconf 83' lang='lat' dir='ltr'>senecta</span> <span class='ocrx_word' id='word_1_123' title='bbox 611 1244 770 1281; x_wconf 84' lang='lat' dir='ltr'>haberem,</span> <span class='ocrx_word' id='word_1_124' title='bbox 805 1244 907 1283; x_wconf 84' lang='lat' dir='ltr'>utique</span> <span class='ocrx_word' id='word_1_125' title='bbox 938 1253 1133 1283; x_wconf 84' lang='lat' dir='ltr'>quaecunque</span> <span class='ocrx_word' id='word_1_126' title='bbox 1166 1253 1271 1282; x_wconf 85' lang='lat' dir='ltr'>ageres</span> <span class='ocrx_word' id='word_1_127' title='bbox 1293 1253 1330 1273; x_wconf 85' lang='lat' dir='ltr'>ea</span> <span class='ocrx_word' id='word_1_128' title='bbox 1351 1243 1444 1273; x_wconf 88' lang='lat' dir='ltr'>velles</span> <span class='ocrx_word' id='word_1_129' title='bbox 1467 1242 1598 1272; x_wconf 85' lang='lat' dir='ltr'>maxime</span> 
     </span>
     <span class='ocr_line' id='line_1_17' title="bbox 176 1296 1597 1335; baseline -0.001 -9"><span class='ocrx_word' id='word_1_130' title='bbox 176 1298 251 1326; x_wconf 86' lang='lat' dir='ltr'>mihi</span> <span class='ocrx_word' id='word_1_131' title='bbox 273 1298 394 1335; x_wconf 86' lang='lat' dir='ltr'>placere</span> <span class='ocrx_word' id='word_1_132' title='bbox 416 1302 507 1335; x_wconf 82' lang='lat' dir='ltr'>atque</span> <span class='ocrx_word' id='word_1_133' title='bbox 529 1298 574 1326; x_wconf 86' lang='lat' dir='ltr'>uti</span> <span class='ocrx_word' id='word_1_134' title='bbox 596 1297 681 1326; x_wconf 81' lang='lat' dir='ltr'>nefas</span> <span class='ocrx_word' id='word_1_135' title='bbox 703 1298 830 1327; x_wconf 84' lang='lat' dir='ltr'>haberes</span> <span class='ocrx_word' id='word_1_136' title='bbox 845 1308 943 1327; x_wconf 90' lang='lat' dir='ltr'>rerum</span> <span class='ocrx_word' id='word_1_137' title='bbox 960 1298 1107 1327; x_wconf 86' lang='lat' dir='ltr'>maiorum</span> <span class='ocrx_word' id='word_1_138' title='bbox 1129 1297 1286 1327; x_wconf 86' lang='lat' dir='ltr'>adversum</span> <span class='ocrx_word' id='word_1_139' title='bbox 1303 1307 1402 1326; x_wconf 86' lang='lat' dir='ltr'>meam</span> <span class='ocrx_word' id='word_1_140' title='bbox 1418 1296 1597 1326; x_wconf 83' lang='lat' dir='ltr'>sententiam</span> 
     </span>
     <span class='ocr_line' id='line_1_18' title="bbox 175 1349 1597 1388; baseline 0 -10"><span class='ocrx_word' id='word_1_141' title='bbox 175 1350 335 1388; x_wconf 87' lang='lat' dir='ltr'>quicquam</span> <span class='ocrx_word' id='word_1_142' title='bbox 360 1350 469 1386; x_wconf 77' lang='lat' dir='ltr'>facere,</span> <span class='ocrx_word' id='word_1_143' title='bbox 491 1349 664 1388; x_wconf 84' lang='lat' dir='ltr'>praesertim</span> <span class='ocrx_word' id='word_1_144' title='bbox 689 1350 776 1386; x_wconf 85' lang='lat' dir='ltr'>mihi,</span> <span class='ocrx_word' id='word_1_145' title='bbox 806 1350 854 1379; x_wconf 92' lang='lat' dir='ltr'>cui</span> <span class='ocrx_word' id='word_1_146' title='bbox 876 1359 971 1388; x_wconf 85' lang='lat' dir='ltr'>parva</span> <span class='ocrx_word' id='word_1_147' title='bbox 993 1359 1061 1387; x_wconf 78' lang='lat' dir='ltr'>pars</span> <span class='ocrx_word' id='word_1_148' title='bbox 1083 1350 1163 1378; x_wconf 82' lang='lat' dir='ltr'>vitae</span> <span class='ocrx_word' id='word_1_149' title='bbox 1186 1354 1327 1387; x_wconf 85' lang='lat' dir='ltr'>superest.</span> <span class='ocrx_word' id='word_1_150' title='bbox 1361 1358 1400 1378; x_wconf 91' lang='lat' dir='ltr'>ne</span> <span class='ocrx_word' id='word_1_151' title='bbox 1422 1349 1453 1377; x_wconf 89' lang='lat' dir='ltr'>id</span> <span class='ocrx_word' id='word_1_152' title='bbox 1475 1349 1597 1387; x_wconf 88' lang='lat' dir='ltr'>quidem</span> 
     </span>
     <span class='ocr_line' id='line_1_19' title="bbox 176 1402 1597 1442; baseline 0 -10"><span class='ocrx_word' id='word_1_153' title='bbox 176 1409 238 1432; x_wconf 74' lang='lat' dir='ltr'>tam</span> <span class='ocrx_word' id='word_1_154' title='bbox 261 1404 351 1432; x_wconf 88' lang='lat' dir='ltr'>breve</span> <span class='ocrx_word' id='word_1_155' title='bbox 386 1403 516 1441; x_wconf 79' lang='lat' dir='ltr'>spatium</span> <span class='ocrx_word' id='word_1_156' title='bbox 539 1407 639 1441; x_wconf 89' lang='lat' dir='ltr'>potest</span> <span class='ocrx_word' id='word_1_157' title='bbox 661 1403 819 1441; x_wconf 77' lang='lat' dir='ltr'>opitulari,</span> <span class='ocrx_word' id='word_1_158' title='bbox 855 1403 927 1442; x_wconf 92' lang='lat' dir='ltr'>qnin</span> <span class='ocrx_word' id='word_1_159' title='bbox 958 1408 988 1433; x_wconf 87' lang='lat' dir='ltr'>et</span> <span class='ocrx_word' id='word_1_160' title='bbox 1019 1402 1093 1432; x_wconf 87' lang='lat' dir='ltr'>mihi</span> <span class='ocrx_word' id='word_1_161' title='bbox 1127 1402 1282 1432; x_wconf 77' lang='lat' dir='ltr'>adversere</span> <span class='ocrx_word' id='word_1_162' title='bbox 1315 1408 1345 1432; x_wconf 82' lang='lat' dir='ltr'>et</span> <span class='ocrx_word' id='word_1_163' title='bbox 1377 1402 1597 1441; x_wconf 83' lang='lat' dir='ltr'>rempublicam</span> 
     </span>
     <span class='ocr_line' id='line_1_20' title="bbox 175 1456 1595 1496; baseline -0.001 -10"><span class='ocrx_word' id='word_1_164' title='bbox 175 1456 336 1495; x_wconf 84' lang='lat' dir='ltr'>profliges?</span> <span class='ocrx_word' id='word_1_165' title='bbox 380 1456 510 1495; x_wconf 87' lang='lat' dir='ltr'>denique</span> <span class='ocrx_word' id='word_1_166' title='bbox 537 1466 614 1496; x_wconf 76' lang='lat' dir='ltr'>quae</span> <span class='ocrx_word' id='word_1_167' title='bbox 643 1466 736 1496; x_wconf 80' lang='lat' dir='ltr'>pausa</span> <span class='ocrx_word' id='word_1_168' title='bbox 757 1457 828 1486; x_wconf 88' lang='lat' dir='ltr'>erit?</span> <span class='ocrx_word' id='word_1_169' title='bbox 872 1457 1029 1496; x_wconf 75' lang='lat' dir='ltr'>ecquando</span> <span class='ocrx_word' id='word_1_170' title='bbox 1051 1456 1168 1486; x_wconf 85' lang='lat' dir='ltr'>desinet</span> <span class='ocrx_word' id='word_1_171' title='bbox 1190 1456 1304 1486; x_wconf 78' lang='lat' dir='ltr'>familia</span> <span class='ocrx_word' id='word_1_172' title='bbox 1326 1460 1427 1485; x_wconf 81' lang='lat' dir='ltr'>nostra</span> <span class='ocrx_word' id='word_1_173' title='bbox 1450 1456 1595 1485; x_wconf 77' lang='lat' dir='ltr'>insanire?</span> 
     </span>
     <span class='ocr_line' id='line_1_21' title="bbox 176 1509 1591 1549; baseline 0 -10"><span class='ocrx_word' id='word_1_174' title='bbox 176 1510 333 1549; x_wconf 84' lang='lat' dir='ltr'>ecquando</span> <span class='ocrx_word' id='word_1_175' title='bbox 364 1510 473 1539; x_wconf 87' lang='lat' dir='ltr'>modus</span> <span class='ocrx_word' id='word_1_176' title='bbox 503 1510 530 1539; x_wconf 92' lang='lat' dir='ltr'>ei</span> <span class='ocrx_word' id='word_1_177' title='bbox 560 1510 602 1539; x_wconf 92' lang='lat' dir='ltr'>rei</span> <span class='ocrx_word' id='word_1_178' title='bbox 631 1510 735 1539; x_wconf 88' lang='lat' dir='ltr'>haberi</span> <span class='ocrx_word' id='word_1_179' title='bbox 756 1511 884 1548; x_wconf 89' lang='lat' dir='ltr'>poterit?</span> <span class='ocrx_word' id='word_1_180' title='bbox 929 1510 1086 1549; x_wconf 80' lang='lat' dir='ltr'>ecquando</span> <span class='ocrx_word' id='word_1_181' title='bbox 1119 1510 1288 1539; x_wconf 85' lang='lat' dir='ltr'>desinemus</span> <span class='ocrx_word' id='word_1_182' title='bbox 1321 1514 1350 1539; x_wconf 92' lang='lat' dir='ltr'>et</span> <span class='ocrx_word' id='word_1_183' title='bbox 1382 1509 1529 1539; x_wconf 84' lang='lat' dir='ltr'>habentes</span> <span class='ocrx_word' id='word_1_184' title='bbox 1561 1515 1591 1538; x_wconf 91' lang='lat' dir='ltr'>et</span> 
     </span>
     <span class='ocr_line' id='line_1_22' title="bbox 175 1562 1594 1603; baseline 0 -11"><span class='ocrx_word' id='word_1_185' title='bbox 175 1564 352 1603; x_wconf 87' lang='lat' dir='ltr'>praebentes</span> <span class='ocrx_word' id='word_1_186' title='bbox 374 1563 522 1593; x_wconf 89' lang='lat' dir='ltr'>molestiis</span> <span class='ocrx_word' id='word_1_187' title='bbox 545 1563 748 1602; x_wconf 75' lang='lat' dir='ltr'>instisterc‘)?</span> <span class='ocrx_word' id='word_1_188' title='bbox 792 1564 950 1602; x_wconf 87' lang='lat' dir='ltr'>ecquando</span> <span class='ocrx_word' id='word_1_189' title='bbox 974 1563 1169 1603; x_wconf 87' lang='lat' dir='ltr'>perpudescet</span> <span class='ocrx_word' id='word_1_190' title='bbox 1192 1562 1346 1592; x_wconf 86' lang='lat' dir='ltr'>miscenda</span> <span class='ocrx_word' id='word_1_191' title='bbox 1368 1568 1457 1602; x_wconf 80' lang='lat' dir='ltr'>atque</span> <span class='ocrx_word' id='word_1_192' title='bbox 1478 1568 1594 1601; x_wconf 88' lang='lat' dir='ltr'>pertur-</span> 
     </span>
     <span class='ocr_line' id='line_1_23' title="bbox 175 1616 1596 1655; baseline 0.001 -10"><span class='ocrx_word' id='word_1_193' title='bbox 175 1617 276 1645; x_wconf 86' lang='lat' dir='ltr'>banda</span> <span class='ocrx_word' id='word_1_194' title='bbox 298 1617 468 1655; x_wconf 83' lang='lat' dir='ltr'>republica?</span> <span class='ocrx_word' id='word_1_195' title='bbox 505 1616 558 1646; x_wconf 91' lang='lat' dir='ltr'>sed</span> <span class='ocrx_word' id='word_1_196' title='bbox 581 1617 606 1645; x_wconf 91' lang='lat' dir='ltr'>si</span> <span class='ocrx_word' id='word_1_197' title='bbox 628 1617 754 1646; x_wconf 85' lang='lat' dir='ltr'>omnino</span> <span class='ocrx_word' id='word_1_198' title='bbox 775 1617 806 1646; x_wconf 90' lang='lat' dir='ltr'>id</span> <span class='ocrx_word' id='word_1_199' title='bbox 829 1617 891 1646; x_wconf 87' lang='lat' dir='ltr'>fieri</span> <span class='ocrx_word' id='word_1_200' title='bbox 916 1627 977 1646; x_wconf 91' lang='lat' dir='ltr'>non</span> <span class='ocrx_word' id='word_1_201' title='bbox 1000 1622 1109 1655; x_wconf 83' lang='lat' dir='ltr'>potest,</span> <span class='ocrx_word' id='word_1_202' title='bbox 1131 1617 1183 1645; x_wconf 90' lang='lat' dir='ltr'>ubi</span> <span class='ocrx_word' id='word_1_203' title='bbox 1205 1626 1263 1654; x_wconf 84' lang='lat' dir='ltr'>ego</span> <span class='ocrx_word' id='word_1_204' title='bbox 1287 1622 1404 1645; x_wconf 83' lang='lat' dir='ltr'>mortua</span> <span class='ocrx_word' id='word_1_205' title='bbox 1426 1626 1477 1645; x_wconf 88' lang='lat' dir='ltr'>ero</span> <span class='ocrx_word' id='word_1_206' title='bbox 1500 1616 1596 1654; x_wconf 84' lang='lat' dir='ltr'>petito</span> 
     </span>
     <span class='ocr_line' id='line_1_24' title="bbox 176 1670 1597 1708; baseline 0.001 -10"><span class='ocrx_word' id='word_1_207' title='bbox 176 1671 374 1704; x_wconf 79' lang='lat' dir='ltr'>tribunatum;</span> <span class='ocrx_word' id='word_1_208' title='bbox 423 1680 475 1708; x_wconf 82' lang='lat' dir='ltr'>per</span> <span class='ocrx_word' id='word_1_209' title='bbox 498 1679 547 1699; x_wconf 88' lang='lat' dir='ltr'>me</span> <span class='ocrx_word' id='word_1_210' title='bbox 570 1671 662 1699; x_wconf 78' lang='lat' dir='ltr'>facito</span> <span class='ocrx_word' id='word_1_211' title='bbox 685 1671 766 1708; x_wconf 91' lang='lat' dir='ltr'>quod</span> <span class='ocrx_word' id='word_1_212' title='bbox 790 1671 916 1706; x_wconf 69' lang='lat' dir='ltr'>lubebst,</span> <span class='ocrx_word' id='word_1_213' title='bbox 940 1680 1008 1699; x_wconf 91' lang='lat' dir='ltr'>cum</span> <span class='ocrx_word' id='word_1_214' title='bbox 1023 1680 1082 1708; x_wconf 88' lang='lat' dir='ltr'>ego</span> <span class='ocrx_word' id='word_1_215' title='bbox 1106 1680 1166 1699; x_wconf 92' lang='lat' dir='ltr'>non</span> <span class='ocrx_word' id='word_1_216' title='bbox 1181 1670 1316 1700; x_wconf 81' lang='lat' dir='ltr'>sentiam.</span> <span class='ocrx_word' id='word_1_217' title='bbox 1346 1670 1398 1698; x_wconf 91' lang='lat' dir='ltr'>ubi</span> <span class='ocrx_word' id='word_1_218' title='bbox 1414 1675 1532 1699; x_wconf 79' lang='lat' dir='ltr'>mortua</span> <span class='ocrx_word' id='word_1_219' title='bbox 1547 1679 1597 1699; x_wconf 88' lang='lat' dir='ltr'>ero</span> 
     </span>
     <span class='ocr_line' id='line_1_25' title="bbox 175 1723 1597 1762; baseline 0 -11"><span class='ocrx_word' id='word_1_220' title='bbox 175 1723 347 1761; x_wconf 77' lang='lat' dir='ltr'>parentabis</span> <span class='ocrx_word' id='word_1_221' title='bbox 363 1723 436 1751; x_wconf 88' lang='lat' dir='ltr'>mihi</span> <span class='ocrx_word' id='word_1_222' title='bbox 452 1728 482 1751; x_wconf 91' lang='lat' dir='ltr'>et</span> <span class='ocrx_word' id='word_1_223' title='bbox 498 1723 655 1752; x_wconf 87' lang='lat' dir='ltr'>invocabis</span> <span class='ocrx_word' id='word_1_224' title='bbox 670 1723 760 1752; x_wconf 89' lang='lat' dir='ltr'>deum</span> <span class='ocrx_word' id='word_1_225' title='bbox 777 1729 942 1762; x_wconf 84' lang='lat' dir='ltr'>parentem.</span> <span class='ocrx_word' id='word_1_226' title='bbox 966 1723 996 1752; x_wconf 90' lang='lat' dir='ltr'>in</span> <span class='ocrx_word' id='word_1_227' title='bbox 1020 1733 1057 1752; x_wconf 93' lang='lat' dir='ltr'>eo</span> <span class='ocrx_word' id='word_1_228' title='bbox 1080 1729 1215 1762; x_wconf 89' lang='lat' dir='ltr'>tempore</span> <span class='ocrx_word' id='word_1_229' title='bbox 1238 1732 1298 1752; x_wconf 92' lang='lat' dir='ltr'>non</span> <span class='ocrx_word' id='word_1_230' title='bbox 1321 1723 1412 1762; x_wconf 81' lang='lat' dir='ltr'>pudet</span> <span class='ocrx_word' id='word_1_231' title='bbox 1441 1728 1470 1752; x_wconf 89' lang='lat' dir='ltr'>te</span> <span class='ocrx_word' id='word_1_232' title='bbox 1493 1732 1597 1752; x_wconf 89' lang='lat' dir='ltr'>eorum</span> 
     </span>
     <span class='ocr_line' id='line_1_26' title="bbox 175 1776 1597 1815; baseline 0 -10"><span class='ocrx_word' id='word_1_233' title='bbox 175 1777 265 1805; x_wconf 87' lang='lat' dir='ltr'>deum</span> <span class='ocrx_word' id='word_1_234' title='bbox 295 1785 399 1814; x_wconf 85' lang='lat' dir='ltr'>preces</span> <span class='ocrx_word' id='word_1_235' title='bbox 421 1781 576 1814; x_wconf 83' lang='lat' dir='ltr'>expetere,</span> <span class='ocrx_word' id='word_1_236' title='bbox 614 1785 690 1814; x_wconf 91' lang='lat' dir='ltr'>quos</span> <span class='ocrx_word' id='word_1_237' title='bbox 721 1777 805 1805; x_wconf 87' lang='lat' dir='ltr'>vivos</span> <span class='ocrx_word' id='word_1_238' title='bbox 838 1782 927 1814; x_wconf 87' lang='lat' dir='ltr'>atque</span> <span class='ocrx_word' id='word_1_239' title='bbox 962 1781 1134 1815; x_wconf 84' lang='lat' dir='ltr'>praesentes</span> <span class='ocrx_word' id='word_1_240' title='bbox 1171 1776 1291 1805; x_wconf 82' lang='lat' dir='ltr'>relictos</span> <span class='ocrx_word' id='word_1_241' title='bbox 1331 1780 1419 1814; x_wconf 83' lang='lat' dir='ltr'>atque</span> <span class='ocrx_word' id='word_1_242' title='bbox 1461 1776 1597 1805; x_wconf 86' lang='lat' dir='ltr'>desertos</span> 
     </span>
     <span class='ocr_line' id='line_1_27' title="bbox 176 1828 1598 1868; baseline -0.001 -10"><span class='ocrx_word' id='word_1_243' title='bbox 176 1829 334 1858; x_wconf 79' lang='lat' dir='ltr'>habueris?</span> <span class='ocrx_word' id='word_1_244' title='bbox 379 1839 416 1857; x_wconf 87' lang='lat' dir='ltr'>ne</span> <span class='ocrx_word' id='word_1_245' title='bbox 444 1829 497 1858; x_wconf 91' lang='lat' dir='ltr'>ille</span> <span class='ocrx_word' id='word_1_246' title='bbox 525 1828 590 1859; x_wconf 84' lang='lat' dir='ltr'>sirit</span> <span class='ocrx_word' id='word_1_247' title='bbox 608 1830 747 1868; x_wconf 88' lang='lat' dir='ltr'>Juppiter</span> <span class='ocrx_word' id='word_1_248' title='bbox 775 1834 805 1858; x_wconf 90' lang='lat' dir='ltr'>te</span> <span class='ocrx_word' id='word_1_249' title='bbox 833 1839 869 1859; x_wconf 87' lang='lat' dir='ltr'>ea</span> <span class='ocrx_word' id='word_1_250' title='bbox 897 1839 1086 1868; x_wconf 83' lang='lat' dir='ltr'>perseverare</span> <span class='ocrx_word' id='word_1_251' title='bbox 1116 1838 1172 1858; x_wconf 93' lang='lat' dir='ltr'>nec</span> <span class='ocrx_word' id='word_1_252' title='bbox 1195 1829 1250 1858; x_wconf 88' lang='lat' dir='ltr'>tibi</span> <span class='ocrx_word' id='word_1_253' title='bbox 1273 1833 1385 1858; x_wconf 86' lang='lat' dir='ltr'>tantam</span> <span class='ocrx_word' id='word_1_254' title='bbox 1416 1829 1598 1858; x_wconf 73' lang='lat' dir='ltr'>dementiam</span> 
     </span>
     <span class='ocr_line' id='line_1_28' title="bbox 176 1882 1599 1921; baseline 0 -10"><span class='ocrx_word' id='word_1_255' title='bbox 176 1883 277 1912; x_wconf 87' lang='lat' dir='ltr'>venire</span> <span class='ocrx_word' id='word_1_256' title='bbox 301 1882 332 1911; x_wconf 92' lang='lat' dir='ltr'>in</span> <span class='ocrx_word' id='word_1_257' title='bbox 355 1883 508 1912; x_wconf 87' lang='lat' dir='ltr'>animuml</span> <span class='ocrx_word' id='word_1_258' title='bbox 550 1887 580 1913; x_wconf 87' lang='lat' dir='ltr'>et</span> <span class='ocrx_word' id='word_1_259' title='bbox 602 1883 627 1912; x_wconf 87' lang='lat' dir='ltr'>si</span> <span class='ocrx_word' id='word_1_260' title='bbox 650 1892 832 1921; x_wconf 86' lang='lat' dir='ltr'>perseveras,</span> <span class='ocrx_word' id='word_1_261' title='bbox 855 1892 959 1913; x_wconf 88' lang='lat' dir='ltr'>vereor</span> <span class='ocrx_word' id='word_1_262' title='bbox 981 1893 1018 1913; x_wconf 88' lang='lat' dir='ltr'>ne</span> <span class='ocrx_word' id='word_1_263' title='bbox 1041 1883 1072 1913; x_wconf 87' lang='lat' dir='ltr'>in</span> <span class='ocrx_word' id='word_1_264' title='bbox 1095 1892 1218 1912; x_wconf 85' lang='lat' dir='ltr'>omnem</span> <span class='ocrx_word' id='word_1_265' title='bbox 1241 1882 1334 1912; x_wconf 83' lang='lat' dir='ltr'>vitam</span> <span class='ocrx_word' id='word_1_266' title='bbox 1357 1888 1473 1912; x_wconf 81' lang='lat' dir='ltr'>tantum</span> <span class='ocrx_word' id='word_1_267' title='bbox 1488 1882 1599 1912; x_wconf 82' lang='lat' dir='ltr'>laboris</span> 
     </span>
     <span class='ocr_line' id='line_1_29' title="bbox 176 1935 1330 1974; baseline 0.002 -11"><span class='ocrx_word' id='word_1_268' title='bbox 176 1935 266 1972; x_wconf 90' lang='lat' dir='ltr'>culpa</span> <span class='ocrx_word' id='word_1_269' title='bbox 288 1940 339 1964; x_wconf 88' lang='lat' dir='ltr'>tua</span> <span class='ocrx_word' id='word_1_270' title='bbox 362 1936 499 1973; x_wconf 78' lang='lat' dir='ltr'>recipias,</span> <span class='ocrx_word' id='word_1_271' title='bbox 522 1936 564 1964; x_wconf 89' lang='lat' dir='ltr'>uti</span> <span class='ocrx_word' id='word_1_272' title='bbox 588 1936 619 1964; x_wconf 92' lang='lat' dir='ltr'>in</span> <span class='ocrx_word' id='word_1_273' title='bbox 642 1936 727 1965; x_wconf 85' lang='lat' dir='ltr'>nullo</span> <span class='ocrx_word' id='word_1_274' title='bbox 749 1941 884 1974; x_wconf 87' lang='lat' dir='ltr'>tempore</span> <span class='ocrx_word' id='word_1_275' title='bbox 908 1941 969 1965; x_wconf 89' lang='lat' dir='ltr'>tute</span> <span class='ocrx_word' id='word_1_276' title='bbox 991 1937 1045 1965; x_wconf 89' lang='lat' dir='ltr'>tibi</span> <span class='ocrx_word' id='word_1_277' title='bbox 1069 1937 1188 1974; x_wconf 86' lang='lat' dir='ltr'>placere</span> <span class='ocrx_word' id='word_1_278' title='bbox 1210 1936 1330 1974; x_wconf 86' lang='lat' dir='ltr'>possis.‘</span> 
     </span>
    </p>
   </div>
   <div class='ocr_carea' id='block_1_6' title="bbox 173 1992 1598 2531">
    <p class='ocr_par' dir='ltr' id='par_1_8' title="bbox 173 1992 1598 2531">
     <span class='ocr_line' id='line_1_30' title="bbox 285 1992 1598 2043; baseline 0.001 -13"><span class='ocrx_word' id='word_1_279' title='bbox 285 1992 349 2031; x_wconf 89' lang='lat' dir='ltr'>Ae</span> <span class='ocrx_word' id='word_1_280' title='bbox 390 1993 557 2043; x_wconf 86' lang='lat' dir='ltr'>primum</span> <span class='ocrx_word' id='word_1_281' title='bbox 599 1993 757 2042; x_wconf 86' lang='lat' dir='ltr'>quidem</span> <span class='ocrx_word' id='word_1_282' title='bbox 794 1994 1029 2032; x_wconf 89' lang='lat' dir='ltr'>Mercklinus</span> <span class='ocrx_word' id='word_1_283' title='bbox 1071 1999 1251 2032; x_wconf 78' lang='lat' dir='ltr'>accurate</span> <span class='ocrx_word' id='word_1_284' title='bbox 1284 1998 1403 2043; x_wconf 88' lang='lat' dir='ltr'>atque</span> <span class='ocrx_word' id='word_1_285' title='bbox 1437 1992 1598 2043; x_wconf 87' lang='lat' dir='ltr'>copiose</span> 
     </span>
     <span class='ocr_line' id='line_1_31' title="bbox 176 2062 1598 2112; baseline 0.001 -13"><span class='ocrx_word' id='word_1_286' title='bbox 176 2063 391 2111; x_wconf 89' lang='lat' dir='ltr'>disputavit</span> <span class='ocrx_word' id='word_1_287' title='bbox 419 2064 468 2100; x_wconf 91' lang='lat' dir='ltr'>de</span> <span class='ocrx_word' id='word_1_288' title='bbox 489 2062 693 2101; x_wconf 87' lang='lat' dir='ltr'>Corneliae</span> <span class='ocrx_word' id='word_1_289' title='bbox 724 2064 827 2106; x_wconf 85' lang='lat' dir='ltr'>,vita,</span> <span class='ocrx_word' id='word_1_290' title='bbox 858 2065 1028 2101; x_wconf 90' lang='lat' dir='ltr'>moribus</span> <span class='ocrx_word' id='word_1_291' title='bbox 1058 2070 1097 2101; x_wconf 88' lang='lat' dir='ltr'>et</span> <span class='ocrx_word' id='word_1_292' title='bbox 1126 2064 1327 2112; x_wconf 89' lang='lat' dir='ltr'>epistolis.‘</span> <span class='ocrx_word' id='word_1_293' title='bbox 1380 2063 1472 2112; x_wconf 83' lang='lat' dir='ltr'>Quo</span> <span class='ocrx_word' id='word_1_294' title='bbox 1500 2063 1598 2101; x_wconf 89' lang='lat' dir='ltr'>libro</span> 
     </span>
     <span class='ocr_line' id='line_1_32' title="bbox 178 2131 1598 2184; baseline 0.001 -15"><span class='ocrx_word' id='word_1_295' title='bbox 178 2131 352 2170; x_wconf 87' lang='lat' dir='ltr'>maxime</span> <span class='ocrx_word' id='word_1_296' title='bbox 372 2143 458 2171; x_wconf 89' lang='lat' dir='ltr'>sum</span> <span class='ocrx_word' id='word_1_297' title='bbox 479 2131 711 2175; x_wconf 90' lang='lat' dir='ltr'>delectatus,</span> <span class='ocrx_word' id='word_1_298' title='bbox 743 2132 890 2184; x_wconf 87' lang='lat' dir='ltr'>quippe</span> <span class='ocrx_word' id='word_1_299' title='bbox 910 2133 947 2170; x_wconf 88' lang='lat' dir='ltr'>in</span> <span class='ocrx_word' id='word_1_300' title='bbox 976 2144 1054 2182; x_wconf 92' lang='lat' dir='ltr'>quo</span> <span class='ocrx_word' id='word_1_301' title='bbox 1083 2132 1147 2170; x_wconf 90' lang='lat' dir='ltr'>ille</span> <span class='ocrx_word' id='word_1_302' title='bbox 1175 2139 1214 2171; x_wconf 91' lang='lat' dir='ltr'>et</span> <span class='ocrx_word' id='word_1_303' title='bbox 1242 2132 1450 2181; x_wconf 87' lang='lat' dir='ltr'>diligenter</span> <span class='ocrx_word' id='word_1_304' title='bbox 1477 2137 1598 2183; x_wconf 83' lang='lat' dir='ltr'>atque</span> 
     </span>
     <span class='ocr_line' id='line_1_33' title="bbox 178 2202 1596 2252; baseline 0.001 -14"><span class='ocrx_word' id='word_1_305' title='bbox 178 2202 373 2240; x_wconf 83' lang='lat' dir='ltr'>subtiliter</span> <span class='ocrx_word' id='word_1_306' title='bbox 401 2203 669 2251; x_wconf 84' lang='lat' dir='ltr'>perscripserit</span> <span class='ocrx_word' id='word_1_307' title='bbox 698 2202 796 2240; x_wconf 89' lang='lat' dir='ltr'>illius</span> <span class='ocrx_word' id='word_1_308' title='bbox 824 2204 943 2239; x_wconf 86' lang='lat' dir='ltr'>vitam</span> <span class='ocrx_word' id='word_1_309' title='bbox 974 2214 1179 2251; x_wconf 89' lang='lat' dir='ltr'>moresque</span> <span class='ocrx_word' id='word_1_310' title='bbox 1208 2208 1249 2240; x_wconf 89' lang='lat' dir='ltr'>et</span> <span class='ocrx_word' id='word_1_311' title='bbox 1266 2203 1457 2251; x_wconf 89' lang='lat' dir='ltr'>epistolas</span> <span class='ocrx_word' id='word_1_312' title='bbox 1476 2203 1596 2252; x_wconf 89' lang='lat' dir='ltr'>ipsas,</span> 
     </span>
     <span class='ocr_line' id='line_1_34' title="bbox 178 2268 1597 2325; baseline 0.001 -16"><span class='ocrx_word' id='word_1_313' title='bbox 178 2270 251 2311; x_wconf 85' lang='lat' dir='ltr'>etsi</span> <span class='ocrx_word' id='word_1_314' title='bbox 273 2268 478 2319; x_wconf 71' lang='lat' dir='ltr'>Corneliae</span> <span class='ocrx_word' id='word_1_315' title='bbox 507 2282 574 2311; x_wconf 91' lang='lat' dir='ltr'>eas</span> <span class='ocrx_word' id='word_1_316' title='bbox 603 2270 828 2312; x_wconf 87' lang='lat' dir='ltr'>tribuendas</span> <span class='ocrx_word' id='word_1_317' title='bbox 858 2283 943 2313; x_wconf 86' lang='lat' dir='ltr'>esse</span> <span class='ocrx_word' id='word_1_318' title='bbox 963 2275 1093 2323; x_wconf 89' lang='lat' dir='ltr'>negat,</span> <span class='ocrx_word' id='word_1_319' title='bbox 1123 2270 1281 2312; x_wconf 88' lang='lat' dir='ltr'>minime</span> <span class='ocrx_word' id='word_1_320' title='bbox 1309 2271 1449 2312; x_wconf 89' lang='lat' dir='ltr'>eodem</span> <span class='ocrx_word' id='word_1_321' title='bbox 1479 2275 1597 2325; x_wconf 90' lang='lat' dir='ltr'>atque</span> 
     </span>
     <span class='ocr_line' id='line_1_35' title="bbox 173 2340 1594 2390; baseline 0.002 -14"><span class='ocrx_word' id='word_1_322' title='bbox 173 2343 236 2377; x_wconf 91' lang='lat' dir='ltr'>alii</span> <span class='ocrx_word' id='word_1_323' title='bbox 256 2344 377 2379; x_wconf 84' lang='lat' dir='ltr'>modo</span> <span class='ocrx_word' id='word_1_324' title='bbox 398 2344 614 2390; x_wconf 86' lang='lat' dir='ltr'>impugnet,</span> <span class='ocrx_word' id='word_1_325' title='bbox 643 2340 978 2389; x_wconf 58' lang='lat' dir='ltr'>ut‘argumentum</span> <span class='ocrx_word' id='word_1_326' title='bbox 998 2355 1076 2379; x_wconf 88' lang='lat' dir='ltr'>non</span> <span class='ocrx_word' id='word_1_327' title='bbox 1097 2345 1223 2379; x_wconf 88' lang='lat' dir='ltr'>minus</span> <span class='ocrx_word' id='word_1_328' title='bbox 1242 2356 1360 2390; x_wconf 89' lang='lat' dir='ltr'>quam</span> <span class='ocrx_word' id='word_1_329' title='bbox 1380 2344 1594 2379; x_wconf 85' lang='lat' dir='ltr'>orationem</span> 
     </span>
     <span class='ocr_line' id='line_1_36' title="bbox 173 2408 1598 2462; baseline 0.002 -16"><span class='ocrx_word' id='word_1_330' title='bbox 173 2408 308 2447; x_wconf 82' lang='lat' dir='ltr'>reiciat</span> <span class='ocrx_word' id='word_1_331' title='bbox 336 2410 445 2460; x_wconf 83' lang='lat' dir='ltr'>quasi</span> <span class='ocrx_word' id='word_1_332' title='bbox 475 2414 560 2455; x_wconf 83' lang='lat' dir='ltr'>aut,</span> <span class='ocrx_word' id='word_1_333' title='bbox 608 2415 650 2449; x_wconf 91' lang='lat' dir='ltr'>ut</span> <span class='ocrx_word' id='word_1_334' title='bbox 679 2409 919 2461; x_wconf 84' lang='lat' dir='ltr'>Soergelius,</span> <span class='ocrx_word' id='word_1_335' title='bbox 967 2409 1110 2449; x_wconf 89' lang='lat' dir='ltr'>habeat</span> <span class='ocrx_word' id='word_1_336' title='bbox 1138 2409 1315 2450; x_wconf 90' lang='lat' dir='ltr'>ludibrio.</span> <span class='ocrx_word' id='word_1_337' title='bbox 1371 2409 1451 2462; x_wconf 82' lang='lat' dir='ltr'>Qui</span> <span class='ocrx_word' id='word_1_338' title='bbox 1481 2422 1598 2462; x_wconf 85' lang='lat' dir='ltr'>quam</span> 
     </span>
     <span class='ocr_line' id='line_1_37' title="bbox 173 2481 1597 2531; baseline 0.002 -15"><span class='ocrx_word' id='word_1_339' title='bbox 173 2481 326 2527; x_wconf 88' lang='lat' dir='ltr'>integer</span> <span class='ocrx_word' id='word_1_340' title='bbox 354 2481 404 2518; x_wconf 90' lang='lat' dir='ltr'>sit</span> <span class='ocrx_word' id='word_1_341' title='bbox 432 2483 469 2517; x_wconf 90' lang='lat' dir='ltr'>in</span> <span class='ocrx_word' id='word_1_342' title='bbox 499 2483 726 2523; x_wconf 83' lang='lat' dir='ltr'>iudicando,</span> <span class='ocrx_word' id='word_1_343' title='bbox 771 2482 883 2518; x_wconf 87' lang='lat' dir='ltr'>facile</span> <span class='ocrx_word' id='word_1_344' title='bbox 911 2482 1111 2529; x_wconf 87' lang='lat' dir='ltr'>intellegas</span> <span class='ocrx_word' id='word_1_345' title='bbox 1140 2488 1373 2531; x_wconf 87' lang='lat' dir='ltr'>comparata</span> <span class='ocrx_word' id='word_1_346' title='bbox 1399 2484 1481 2519; x_wconf 89' lang='lat' dir='ltr'>eius</span> <span class='ocrx_word' id='word_1_347' title='bbox 1508 2494 1597 2519; x_wconf 88' lang='lat' dir='ltr'>cum</span> 
     </span>
    </p>
   </div>
   <div class='ocr_carea' id='block_1_7' title="bbox 174 2586 1597 2681">
    <p class='ocr_par' dir='ltr' id='par_1_9' title="bbox 174 2586 1597 2681">
     <span class='ocr_line' id='line_1_38' title="bbox 270 2586 1597 2629; baseline 0.001 -11"><span class='ocrx_word' id='word_1_348' title='bbox 270 2586 314 2629; x_wconf 52' lang='lat'>⁴)</span> <span class='ocrx_word' id='word_1_349' title='bbox 338 2588 422 2619; x_wconf 84' lang='lat' dir='ltr'>libri:</span> <span class='ocrx_word' id='word_1_350' title='bbox 454 2589 628 2627; x_wconf 73' lang='lat' dir='ltr'>desistere,</span> <span class='ocrx_word' id='word_1_351' title='bbox 644 2589 727 2628; x_wconf 91' lang='lat' dir='ltr'>quod</span> <span class='ocrx_word' id='word_1_352' title='bbox 739 2588 813 2619; x_wconf 85' lang='lat' dir='ltr'>mihi</span> <span class='ocrx_word' id='word_1_353' title='bbox 827 2589 1005 2624; x_wconf 83' lang='lat' dir='ltr'>obscurum;</span> <span class='ocrx_word' id='word_1_354' title='bbox 1031 2588 1106 2619; x_wconf 75' lang='lat' dir='ltr'>mihi</span> <span class='ocrx_word' id='word_1_355' title='bbox 1118 2589 1241 2629; x_wconf 84' lang='lat' dir='ltr'>quidem</span> <span class='ocrx_word' id='word_1_356' title='bbox 1255 2589 1407 2629; x_wconf 88' lang='lat' dir='ltr'>perplacet</span> <span class='ocrx_word' id='word_1_357' title='bbox 1417 2588 1597 2629; x_wconf 80' lang='lat' dir='ltr'>Nipperdeii</span> 
     </span>
     <span class='ocr_line' id='line_1_39' title="bbox 174 2642 1439 2681; baseline 0.003 -11"><span class='ocrx_word' id='word_1_358' title='bbox 174 2642 349 2671; x_wconf 82' lang='lat' dir='ltr'>emendatio</span> <span class='ocrx_word' id='word_1_359' title='bbox 372 2643 533 2679; x_wconf 47' lang='lat' dir='ltr'>instatere,</span> <span class='ocrx_word' id='word_1_360' title='bbox 557 2643 640 2680; x_wconf 85' lang='lat' dir='ltr'>quod</span> <span class='ocrx_word' id='word_1_361' title='bbox 663 2647 784 2681; x_wconf 87' lang='lat' dir='ltr'>propter</span> <span class='ocrx_word' id='word_1_362' title='bbox 807 2644 988 2674; x_wconf 76' lang='lat' dir='ltr'>desinemus</span> <span class='ocrx_word' id='word_1_363' title='bbox 1011 2643 1205 2680; x_wconf 78' lang='lat' dir='ltr'>depravatum</span> <span class='ocrx_word' id='word_1_364' title='bbox 1227 2653 1292 2673; x_wconf 68' lang='lat' dir='ltr'>esse</span> <span class='ocrx_word' id='word_1_365' title='bbox 1315 2643 1439 2674; x_wconf 83' lang='lat' dir='ltr'>videtur.</span> 
     </span>
    </p>
   </div>
  </div>
 </body>
</html>
