<?xml version="1.0" encoding="UTF-8"?>
<!DOCTYPE html PUBLIC "-//W3C//DTD XHTML 1.0 Transitional//EN"
    "http://www.w3.org/TR/xhtml1/DTD/xhtml1-transitional.dtd">
<html xmlns="http://www.w3.org/1999/xhtml" xml:lang="en" lang="en">
 <head>
  <title>
</title>
<meta http-equiv="Content-Type" content="text/html;charset=utf-8" />
  <meta name='ocr-system' content='tesseract 3.04.00' />
  <meta name='ocr-capabilities' content='ocr_page ocr_carea ocr_par ocr_line ocrx_word'/>
</head>
<body>
  <div class='ocr_page' id='page_1' title='image "4737351_0046.png"; bbox 0 0 1771 2968; ppageno 0'>
   <div class='ocr_carea' id='block_1_1' title="bbox 776 215 1040 255">
    <p class='ocr_par' dir='ltr' id='par_1_1' title="bbox 776 215 1040 255">
     <span class='ocr_line' id='line_1_1' title="bbox 776 215 1040 255; baseline 0 -11"><span class='ocrx_word' id='word_1_1' title='bbox 776 215 1040 255; x_wconf 41' lang='lat'>*36*</span> 
     </span>
    </p>
   </div>
   <div class='ocr_carea' id='block_1_2' title="bbox 193 328 1611 439">
    <p class='ocr_par' dir='ltr' id='par_1_2' title="bbox 193 328 1611 439">
     <span class='ocr_line' id='line_1_2' title="bbox 194 328 1611 382; baseline -0.004 -11"><span class='ocrx_word' id='word_1_2' title='bbox 194 331 246 371; x_wconf 58' lang='lat' dir='ltr'>ei&lt;</span> <span class='ocrx_word' id='word_1_3' title='bbox 276 333 367 371; x_wconf 93' lang='lat' dir='ltr'>loco</span> <span class='ocrx_word' id='word_1_4' title='bbox 396 329 595 382; x_wconf 83' lang='lat' dir='ltr'>apparet),</span> <span class='ocrx_word' id='word_1_5' title='bbox 634 328 800 370; x_wconf 73' lang='grc' dir='ltr'><strong>ἐνταῦθα</strong></span> <span class='ocrx_word' id='word_1_6' title='bbox 826 331 892 370; x_wconf 73' lang='grc' dir='ltr'>καὶ</span> <span class='ocrx_word' id='word_1_7' title='bbox 919 331 983 382; x_wconf 82' lang='grc' dir='ltr'>τὴν</span> <span class='ocrx_word' id='word_1_8' title='bbox 1012 331 1155 382; x_wconf 70' lang='grc' dir='ltr'><strong>μητέρα</strong></span> <span class='ocrx_word' id='word_1_9' title='bbox 1182 329 1328 378; x_wconf 66' lang='grc' dir='ltr'><strong>λέγουσι</strong></span> <span class='ocrx_word' id='word_1_10' title='bbox 1357 330 1611 374; x_wconf 74' lang='grc' dir='ltr'><strong>συστασιάσαι,</strong></span> 
     </span>
     <span class='ocr_line' id='line_1_3' title="bbox 193 397 1609 439; baseline 0 0"><span class='ocrx_word' id='word_1_11' title='bbox 193 409 285 439; x_wconf 88' lang='lat' dir='ltr'>tum</span> <span class='ocrx_word' id='word_1_12' title='bbox 316 413 351 439; x_wconf 62' lang='lat' dir='ltr'>‘e</span> <span class='ocrx_word' id='word_1_13' title='bbox 363 401 479 438; x_wconf 88' lang='lat' dir='ltr'>tiam</span> <span class='ocrx_word' id='word_1_14' title='bbox 521 407 686 438; x_wconf 86' lang='lat' dir='ltr'>matrem</span> <span class='ocrx_word' id='word_1_15' title='bbox 732 400 866 436; x_wconf 90' lang='lat' dir='ltr'>dicunt</span> <span class='ocrx_word' id='word_1_16' title='bbox 906 398 1051 436; x_wconf 87' lang='lat' dir='ltr'>auxilio</span> <span class='ocrx_word' id='word_1_17' title='bbox 1093 397 1243 435; x_wconf 87' lang='lat' dir='ltr'>venisse</span> <span class='ocrx_word' id='word_1_18' title='bbox 1282 397 1363 434; x_wconf 86' lang='lat' dir='ltr'>filio</span> <span class='ocrx_word' id='word_1_19' title='bbox 1404 398 1609 439; x_wconf 84' lang='lat' dir='ltr'>seditioso!</span> 
     </span>
    </p>
   </div>
   <div class='ocr_carea' id='block_1_3' title="bbox 186 466 1612 2606">
    <p class='ocr_par' dir='ltr' id='par_1_3' title="bbox 190 466 1612 1406">
     <span class='ocr_line' id='line_1_4' title="bbox 192 466 1612 522; baseline -0.001 -12"><span class='ocrx_word' id='word_1_20' title='bbox 192 471 313 522; x_wconf 84' lang='lat' dir='ltr'>Ipsis,</span> <span class='ocrx_word' id='word_1_21' title='bbox 352 469 517 520; x_wconf 88' lang='lat' dir='ltr'>opinor,</span> <span class='ocrx_word' id='word_1_22' title='bbox 561 469 621 507; x_wconf 93' lang='lat' dir='ltr'>his</span> <span class='ocrx_word' id='word_1_23' title='bbox 655 468 785 507; x_wconf 89' lang='lat' dir='ltr'>verbis</span> <span class='ocrx_word' id='word_1_24' title='bbox 814 468 965 518; x_wconf 86' lang='lat' dir='ltr'>optime</span> <span class='ocrx_word' id='word_1_25' title='bbox 993 466 1274 517; x_wconf 89' lang='lat' dir='ltr'>comprobatur</span> <span class='ocrx_word' id='word_1_26' title='bbox 1301 471 1466 505; x_wconf 87' lang='lat' dir='ltr'>matrem</span> <span class='ocrx_word' id='word_1_27' title='bbox 1496 474 1612 508; x_wconf 82' lang='lat' dir='ltr'>antea</span> 
     </span>
     <span class='ocr_line' id='line_1_5' title="bbox 192 536 1611 585; baseline -0.001 -7"><span class='ocrx_word' id='word_1_28' title='bbox 192 552 271 578; x_wconf 90' lang='lat' dir='ltr'>non</span> <span class='ocrx_word' id='word_1_29' title='bbox 292 539 607 577; x_wconf 83' lang='lat' dir='ltr'>communicasse</span> <span class='ocrx_word' id='word_1_30' title='bbox 627 550 715 576; x_wconf 86' lang='lat' dir='ltr'>cum</span> <span class='ocrx_word' id='word_1_31' title='bbox 737 538 815 575; x_wconf 90' lang='lat' dir='ltr'>filio</span> <span class='ocrx_word' id='word_1_32' title='bbox 835 537 1009 580; x_wconf 89' lang='lat' dir='ltr'>consilia,</span> <span class='ocrx_word' id='word_1_33' title='bbox 1041 542 1082 574; x_wconf 93' lang='lat' dir='ltr'>ut</span> <span class='ocrx_word' id='word_1_34' title='bbox 1112 536 1268 573; x_wconf 87' lang='lat' dir='ltr'>minime</span> <span class='ocrx_word' id='word_1_35' title='bbox 1297 542 1488 585; x_wconf 88' lang='lat' dir='ltr'>repugnet</span> <span class='ocrx_word' id='word_1_36' title='bbox 1514 537 1611 577; x_wconf 89' lang='lat' dir='ltr'>haec</span> 
     </span>
     <span class='ocr_line' id='line_1_6' title="bbox 194 604 1611 659; baseline -0.001 -12"><span class='ocrx_word' id='word_1_37' title='bbox 194 609 385 659; x_wconf 89' lang='lat' dir='ltr'>‚genuina‘</span> <span class='ocrx_word' id='word_1_38' title='bbox 415 607 582 658; x_wconf 88' lang='lat' dir='ltr'>epistola</span> <span class='ocrx_word' id='word_1_39' title='bbox 609 607 919 656; x_wconf 71' lang='lat' dir='ltr'>fragmentorum</span> <span class='ocrx_word' id='word_1_40' title='bbox 948 610 1191 655; x_wconf 84' lang='lat' dir='ltr'>argumento.</span> <span class='ocrx_word' id='word_1_41' title='bbox 1240 604 1303 642; x_wconf 94' lang='lat' dir='ltr'>Ac</span> <span class='ocrx_word' id='word_1_42' title='bbox 1331 605 1511 655; x_wconf 88' lang='lat' dir='ltr'>profecto</span> <span class='ocrx_word' id='word_1_43' title='bbox 1532 620 1611 646; x_wconf 91' lang='lat' dir='ltr'>non</span> 
     </span>
     <span class='ocr_line' id='line_1_7' title="bbox 191 674 1608 725; baseline 0 -9"><span class='ocrx_word' id='word_1_44' title='bbox 191 678 376 717; x_wconf 88' lang='lat' dir='ltr'>abhorret</span> <span class='ocrx_word' id='word_1_45' title='bbox 405 690 428 715; x_wconf 89' lang='lat' dir='ltr'>a</span> <span class='ocrx_word' id='word_1_46' title='bbox 449 676 654 715; x_wconf 88' lang='lat' dir='ltr'>Corneliae</span> <span class='ocrx_word' id='word_1_47' title='bbox 682 677 869 720; x_wconf 89' lang='lat' dir='ltr'>moribus,</span> <span class='ocrx_word' id='word_1_48' title='bbox 900 677 1006 725; x_wconf 93' lang='lat' dir='ltr'>quod</span> <span class='ocrx_word' id='word_1_49' title='bbox 1026 675 1093 713; x_wconf 92' lang='lat' dir='ltr'>illo</span> <span class='ocrx_word' id='word_1_50' title='bbox 1112 679 1293 724; x_wconf 88' lang='lat' dir='ltr'>tempore</span> <span class='ocrx_word' id='word_1_51' title='bbox 1311 674 1458 714; x_wconf 90' lang='lat' dir='ltr'>adiuvit</span> <span class='ocrx_word' id='word_1_52' title='bbox 1488 676 1608 716; x_wconf 89' lang='lat' dir='ltr'>filium</span> 
     </span>
     <span class='ocr_line' id='line_1_8' title="bbox 192 743 1608 796; baseline -0.001 -10"><span class='ocrx_word' id='word_1_53' title='bbox 192 749 460 786; x_wconf 83' lang='lat' dir='ltr'>laborantem:</span> <span class='ocrx_word' id='word_1_54' title='bbox 506 751 631 785; x_wconf 91' lang='lat' dir='ltr'>mater</span> <span class='ocrx_word' id='word_1_55' title='bbox 667 746 972 796; x_wconf 87' lang='lat' dir='ltr'>prudentissima</span> <span class='ocrx_word' id='word_1_56' title='bbox 1013 746 1199 783; x_wconf 87' lang='lat' dir='ltr'>admonet</span> <span class='ocrx_word' id='word_1_57' title='bbox 1235 743 1372 787; x_wconf 90' lang='lat' dir='ltr'>filium,</span> <span class='ocrx_word' id='word_1_58' title='bbox 1416 757 1465 783; x_wconf 91' lang='lat' dir='ltr'>ne</span> <span class='ocrx_word' id='word_1_59' title='bbox 1504 747 1608 785; x_wconf 86' lang='lat' dir='ltr'>illam</span> 
     </span>
     <span class='ocr_line' id='line_1_9' title="bbox 192 813 1608 865; baseline -0.001 -11"><span class='ocrx_word' id='word_1_60' title='bbox 192 818 347 855; x_wconf 86' lang='lat' dir='ltr'>insistat</span> <span class='ocrx_word' id='word_1_61' title='bbox 367 817 482 859; x_wconf 86' lang='lat' dir='ltr'>viam,</span> <span class='ocrx_word' id='word_1_62' title='bbox 511 828 629 865; x_wconf 90' lang='lat' dir='ltr'>quam</span> <span class='ocrx_word' id='word_1_63' title='bbox 650 815 907 865; x_wconf 85' lang='lat' dir='ltr'>periculosam</span> <span class='ocrx_word' id='word_1_64' title='bbox 935 826 1029 852; x_wconf 90' lang='lat' dir='ltr'>esse.</span> <span class='ocrx_word' id='word_1_65' title='bbox 1049 819 1183 851; x_wconf 91' lang='lat' dir='ltr'>censet</span> <span class='ocrx_word' id='word_1_66' title='bbox 1210 818 1250 850; x_wconf 93' lang='lat' dir='ltr'>et</span> <span class='ocrx_word' id='word_1_67' title='bbox 1277 813 1348 862; x_wconf 91' lang='lat' dir='ltr'>ipsi</span> <span class='ocrx_word' id='word_1_68' title='bbox 1378 820 1419 852; x_wconf 89' lang='lat' dir='ltr'>et</span> <span class='ocrx_word' id='word_1_69' title='bbox 1446 815 1608 860; x_wconf 86' lang='lat' dir='ltr'>civibus,</span> 
     </span>
     <span class='ocr_line' id='line_1_10' title="bbox 191 883 1609 931; baseline -0.001 -8"><span class='ocrx_word' id='word_1_70' title='bbox 191 886 461 923; x_wconf 88' lang='lat' dir='ltr'>amantissima</span> <span class='ocrx_word' id='word_1_71' title='bbox 498 891 622 922; x_wconf 89' lang='lat' dir='ltr'>mater</span> <span class='ocrx_word' id='word_1_72' title='bbox 660 884 777 922; x_wconf 85' lang='lat' dir='ltr'>filium</span> <span class='ocrx_word' id='word_1_73' title='bbox 816 884 916 921; x_wconf 86' lang='lat' dir='ltr'>hanc</span> <span class='ocrx_word' id='word_1_74' title='bbox 950 884 1051 920; x_wconf 90' lang='lat' dir='ltr'>viam</span> <span class='ocrx_word' id='word_1_75' title='bbox 1089 883 1306 931; x_wconf 82' lang='lat' dir='ltr'>ingressum</span> <span class='ocrx_word' id='word_1_76' title='bbox 1341 884 1451 930; x_wconf 87' lang='lat' dir='ltr'>quasi</span> <span class='ocrx_word' id='word_1_77' title='bbox 1479 884 1609 922; x_wconf 87' lang='lat' dir='ltr'>animo</span> 
     </span>
     <span class='ocr_line' id='line_1_11' title="bbox 191 950 1608 1004; baseline -0.001 -13"><span class='ocrx_word' id='word_1_78' title='bbox 191 955 442 1004; x_wconf 87' lang='lat' dir='ltr'>prosequitur</span> <span class='ocrx_word' id='word_1_79' title='bbox 470 953 696 1002; x_wconf 85' lang='lat' dir='ltr'>labantique</span> <span class='ocrx_word' id='word_1_80' title='bbox 724 953 854 996; x_wconf 89' lang='lat' dir='ltr'>adest,</span> <span class='ocrx_word' id='word_1_81' title='bbox 893 951 1043 989; x_wconf 87' lang='lat' dir='ltr'>etiamsi</span> <span class='ocrx_word' id='word_1_82' title='bbox 1071 951 1191 1001; x_wconf 82' lang='lat' dir='ltr'>ipsius</span> <span class='ocrx_word' id='word_1_83' title='bbox 1220 950 1411 1000; x_wconf 88' lang='lat' dir='ltr'>neglectis</span> <span class='ocrx_word' id='word_1_84' title='bbox 1440 952 1608 990; x_wconf 89' lang='lat' dir='ltr'>consiliis</span> 
     </span>
     <span class='ocr_line' id='line_1_12' title="bbox 190 1021 1608 1061; baseline -0.001 -1"><span class='ocrx_word' id='word_1_85' title='bbox 190 1025 228 1061; x_wconf 89' lang='lat' dir='ltr'>in</span> <span class='ocrx_word' id='word_1_86' title='bbox 256 1023 350 1060; x_wconf 91' lang='lat' dir='ltr'>illud</span> <span class='ocrx_word' id='word_1_87' title='bbox 378 1023 582 1060; x_wconf 88' lang='lat' dir='ltr'>discrimen</span> <span class='ocrx_word' id='word_1_88' title='bbox 610 1028 780 1061; x_wconf 90' lang='lat' dir='ltr'>venerat.</span> <span class='ocrx_word' id='word_1_89' title='bbox 838 1021 1020 1059; x_wconf 91' lang='lat' dir='ltr'>Ceterum</span> <span class='ocrx_word' id='word_1_90' title='bbox 1050 1021 1278 1060; x_wconf 87' lang='lat' dir='ltr'>Plutarchus</span> <span class='ocrx_word' id='word_1_91' title='bbox 1306 1032 1386 1058; x_wconf 91' lang='lat' dir='ltr'>non</span> <span class='ocrx_word' id='word_1_92' title='bbox 1417 1022 1608 1059; x_wconf 85' lang='lat' dir='ltr'>minorem</span> 
     </span>
     <span class='ocr_line' id='line_1_13' title="bbox 191 1088 1608 1142; baseline 0 -13"><span class='ocrx_word' id='word_1_93' title='bbox 191 1092 309 1131; x_wconf 88' lang='lat' dir='ltr'>fidem</span> <span class='ocrx_word' id='word_1_94' title='bbox 339 1092 458 1129; x_wconf 88' lang='lat' dir='ltr'>habet</span> <span class='ocrx_word' id='word_1_95' title='bbox 487 1091 694 1128; x_wconf 87' lang='lat' dir='ltr'>narrationi</span> <span class='ocrx_word' id='word_1_96' title='bbox 724 1103 871 1133; x_wconf 84' lang='lat' dir='ltr'>eorum,</span> <span class='ocrx_word' id='word_1_97' title='bbox 901 1091 966 1139; x_wconf 83' lang='lat' dir='ltr'>qui</span> <span class='ocrx_word' id='word_1_98' title='bbox 995 1092 1069 1139; x_wconf 80' lang='grc' dir='ltr'><strong>,καὶ</strong></span> <span class='ocrx_word' id='word_1_99' title='bbox 1097 1093 1192 1128; x_wconf 84' lang='grc' dir='ltr'><strong>πάνυ</strong></span> <span class='ocrx_word' id='word_1_100' title='bbox 1212 1096 1278 1142; x_wconf 84' lang='grc' dir='ltr'>τῆς</span> <span class='ocrx_word' id='word_1_101' title='bbox 1298 1088 1513 1142; x_wconf 83' lang='grc' dir='ltr'><strong>Κορνηλίας</strong></span> <span class='ocrx_word' id='word_1_102' title='bbox 1531 1091 1608 1132; x_wconf 72' lang='lat'>60&lt;-</span> 
     </span>
     <span class='ocr_line' id='line_1_14' title="bbox 193 1159 1608 1212; baseline -0.001 -14"><span class='ocrx_word' id='word_1_103' title='bbox 193 1161 441 1212; x_wconf 80' lang='grc' dir='ltr'><strong>χεραινοὺσης</strong></span> <span class='ocrx_word' id='word_1_104' title='bbox 468 1165 582 1198; x_wconf 84' lang='grc' dir='ltr'><strong>ταῦτα</strong></span> <span class='ocrx_word' id='word_1_105' title='bbox 611 1160 852 1210; x_wconf 67' lang='grc' dir='ltr'><strong>πράττεσθαύ</strong></span> <span class='ocrx_word' id='word_1_106' title='bbox 881 1163 1053 1198; x_wconf 89' lang='lat' dir='ltr'>censent.</span> <span class='ocrx_word' id='word_1_107' title='bbox 1111 1159 1248 1208; x_wconf 89' lang='lat' dir='ltr'>ltaque</span> <span class='ocrx_word' id='word_1_108' title='bbox 1283 1159 1371 1208; x_wconf 91' lang='lat' dir='ltr'>ipso</span> <span class='ocrx_word' id='word_1_109' title='bbox 1405 1160 1480 1197; x_wconf 89' lang='lat' dir='ltr'>hoc</span> <span class='ocrx_word' id='word_1_110' title='bbox 1519 1159 1608 1197; x_wconf 92' lang='lat' dir='ltr'>loco</span> 
     </span>
     <span class='ocr_line' id='line_1_15' title="bbox 190 1229 1608 1278; baseline -0.001 -10"><span class='ocrx_word' id='word_1_111' title='bbox 190 1231 387 1268; x_wconf 89' lang='lat' dir='ltr'>Plutarchi</span> <span class='ocrx_word' id='word_1_112' title='bbox 408 1229 557 1278; x_wconf 84' lang='lat' dir='ltr'>optime</span> <span class='ocrx_word' id='word_1_113' title='bbox 576 1230 868 1267; x_wconf 89' lang='lat' dir='ltr'>demonstratur</span> <span class='ocrx_word' id='word_1_114' title='bbox 888 1229 994 1266; x_wconf 91' lang='lat' dir='ltr'>illum</span> <span class='ocrx_word' id='word_1_115' title='bbox 1023 1229 1255 1277; x_wconf 86' lang='lat' dir='ltr'>scriptorem</span> <span class='ocrx_word' id='word_1_116' title='bbox 1283 1229 1392 1277; x_wconf 80' lang='lat' dir='ltr'>ipsas</span> <span class='ocrx_word' id='word_1_117' title='bbox 1408 1229 1608 1267; x_wconf 80' lang='lat' dir='ltr'>Corneliae</span> 
     </span>
     <span class='ocr_line' id='line_1_16' title="bbox 190 1296 1607 1349; baseline -0.002 -12"><span class='ocrx_word' id='word_1_118' title='bbox 190 1298 376 1349; x_wconf 88' lang='lat' dir='ltr'>epistolas</span> <span class='ocrx_word' id='word_1_119' title='bbox 395 1298 552 1335; x_wconf 88' lang='lat' dir='ltr'>novisse</span> <span class='ocrx_word' id='word_1_120' title='bbox 572 1297 708 1341; x_wconf 89' lang='lat' dir='ltr'>nullas,</span> <span class='ocrx_word' id='word_1_121' title='bbox 739 1297 882 1347; x_wconf 89' lang='lat' dir='ltr'>quippe</span> <span class='ocrx_word' id='word_1_122' title='bbox 898 1298 963 1345; x_wconf 91' lang='lat' dir='ltr'>qui</span> <span class='ocrx_word' id='word_1_123' title='bbox 983 1298 1033 1334; x_wconf 92' lang='lat' dir='ltr'>de</span> <span class='ocrx_word' id='word_1_124' title='bbox 1052 1297 1192 1335; x_wconf 88' lang='lat' dir='ltr'>talibus</span> <span class='ocrx_word' id='word_1_125' title='bbox 1212 1296 1391 1335; x_wconf 90' lang='lat' dir='ltr'>nonnulla</span> <span class='ocrx_word' id='word_1_126' title='bbox 1409 1296 1607 1335; x_wconf 85' lang='lat' dir='ltr'>fabulatus</span> 
     </span>
     <span class='ocr_line' id='line_1_17' title="bbox 190 1365 548 1406; baseline 0 -1"><span class='ocrx_word' id='word_1_127' title='bbox 190 1368 241 1405; x_wconf 89' lang='lat' dir='ltr'>nil</span> <span class='ocrx_word' id='word_1_128' title='bbox 269 1368 365 1406; x_wconf 88' lang='lat' dir='ltr'>certi</span> <span class='ocrx_word' id='word_1_129' title='bbox 395 1365 548 1406; x_wconf 79' lang='lat' dir='ltr'>referat.</span> 
     </span>
    </p>

    <p class='ocr_par' dir='ltr' id='par_1_4' title="bbox 187 1435 1607 2256">
     <span class='ocr_line' id='line_1_18' title="bbox 299 1435 1607 1486; baseline -0.002 -11"><span class='ocrx_word' id='word_1_130' title='bbox 299 1437 436 1486; x_wconf 90' lang='lat' dir='ltr'>Atque</span> <span class='ocrx_word' id='word_1_131' title='bbox 475 1435 573 1472; x_wconf 90' lang='lat' dir='ltr'>haec</span> <span class='ocrx_word' id='word_1_132' title='bbox 615 1435 772 1484; x_wconf 90' lang='lat' dir='ltr'>quidem</span> <span class='ocrx_word' id='word_1_133' title='bbox 816 1442 907 1473; x_wconf 91' lang='lat' dir='ltr'>sunt</span> <span class='ocrx_word' id='word_1_134' title='bbox 949 1443 1197 1485; x_wconf 86' lang='lat' dir='ltr'>argumenta,</span> <span class='ocrx_word' id='word_1_135' title='bbox 1245 1436 1399 1486; x_wconf 91' lang='lat' dir='ltr'>quibus·</span> <span class='ocrx_word' id='word_1_136' title='bbox 1427 1437 1607 1485; x_wconf 88' lang='lat' dir='ltr'>Meyerus</span> 
     </span>
     <span class='ocr_line' id='line_1_19' title="bbox 190 1505 1607 1556; baseline -0.001 -11"><span class='ocrx_word' id='word_1_137' title='bbox 190 1507 499 1556; x_wconf 85' lang='lat' dir='ltr'>fragmentorum</span> <span class='ocrx_word' id='word_1_138' title='bbox 537 1506 675 1543; x_wconf 87' lang='lat' dir='ltr'>falsam</span> <span class='ocrx_word' id='word_1_139' title='bbox 705 1506 874 1543; x_wconf 91' lang='lat' dir='ltr'>indolem</span> <span class='ocrx_word' id='word_1_140' title='bbox 906 1506 1153 1556; x_wconf 88' lang='lat' dir='ltr'>comprobari</span> <span class='ocrx_word' id='word_1_141' title='bbox 1182 1511 1305 1556; x_wconf 91' lang='lat' dir='ltr'>putat.</span> <span class='ocrx_word' id='word_1_142' title='bbox 1365 1505 1440 1544; x_wconf 82' lang='lat' dir='ltr'>Cui·</span> <span class='ocrx_word' id='word_1_143' title='bbox 1463 1506 1529 1544; x_wconf 84' lang='lat' dir='ltr'>illa</span> <span class='ocrx_word' id='word_1_144' title='bbox 1557 1507 1607 1545; x_wconf 88' lang='lat' dir='ltr'>ad</span> 
     </span>
     <span class='ocr_line' id='line_1_20' title="bbox 190 1575 1605 1625; baseline 0 -11"><span class='ocrx_word' id='word_1_145' title='bbox 190 1576 458 1614; x_wconf 87' lang='lat' dir='ltr'>Gracchorum</span> <span class='ocrx_word' id='word_1_146' title='bbox 500 1582 631 1625; x_wconf 90' lang='lat' dir='ltr'>partes</span> <span class='ocrx_word' id='word_1_147' title='bbox 673 1575 917 1613; x_wconf 90' lang='lat' dir='ltr'>infamandas</span> <span class='ocrx_word' id='word_1_148' title='bbox 959 1575 1129 1614; x_wconf 87' lang='lat' dir='ltr'>conficta</span> <span class='ocrx_word' id='word_1_149' title='bbox 1164 1588 1250 1614; x_wconf 91' lang='lat' dir='ltr'>esse</span> <span class='ocrx_word' id='word_1_150' title='bbox 1287 1576 1480 1619; x_wconf 89' lang='lat' dir='ltr'>videntur,</span> <span class='ocrx_word' id='word_1_151' title='bbox 1525 1576 1605 1615; x_wconf 83' lang='lat' dir='ltr'>sive</span> 
     </span>
     <span class='ocr_line' id='line_1_21' title="bbox 190 1645 1606 1696; baseline 0.001 -13"><span class='ocrx_word' id='word_1_152' title='bbox 190 1646 410 1684; x_wconf 88' lang='lat' dir='ltr'>Cornelium</span> <span class='ocrx_word' id='word_1_153' title='bbox 440 1645 638 1694; x_wconf 88' lang='lat' dir='ltr'>Nepotem</span> <span class='ocrx_word' id='word_1_154' title='bbox 679 1646 808 1694; x_wconf 91' lang='lat' dir='ltr'>ipsum</span> <span class='ocrx_word' id='word_1_155' title='bbox 842 1651 1002 1683; x_wconf 89' lang='lat' dir='ltr'>censeat</span> <span class='ocrx_word' id='word_1_156' title='bbox 1036 1645 1300 1683; x_wconf 79' lang='lat' dir='ltr'>fraudulenter</span> <span class='ocrx_word' id='word_1_157' title='bbox 1334 1647 1606 1696; x_wconf 87' lang='lat' dir='ltr'>composuisse</span> 
     </span>
     <span class='ocr_line' id='line_1_22' title="bbox 189 1715 1606 1765; baseline 0 -12"><span class='ocrx_word' id='word_1_158' title='bbox 189 1715 379 1765; x_wconf 88' lang='lat' dir='ltr'>epistolas</span> <span class='ocrx_word' id='word_1_159' title='bbox 417 1715 497 1752; x_wconf 92' lang='lat' dir='ltr'>sive</span> <span class='ocrx_word' id='word_1_160' title='bbox 536 1715 796 1763; x_wconf 86' lang='lat' dir='ltr'>posteriorum</span> <span class='ocrx_word' id='word_1_161' title='bbox 815 1715 995 1764; x_wconf 75' lang='lat' dir='ltr'>valiquem</span> <span class='ocrx_word' id='word_1_162' title='bbox 1024 1727 1152 1753; x_wconf 89' lang='lat' dir='ltr'>rerum</span> <span class='ocrx_word' id='word_1_163' title='bbox 1181 1716 1438 1764; x_wconf 90' lang='lat' dir='ltr'>scriptorum:</span> <span class='ocrx_word' id='word_1_164' title='bbox 1489 1716 1606 1759; x_wconf 88' lang='lat' dir='ltr'>„dass</span> 
     </span>
     <span class='ocr_line' id='line_1_23' title="bbox 189 1783 1605 1835; baseline 0.001 -14"><span class='ocrx_word' id='word_1_165' title='bbox 189 1785 250 1822; x_wconf 91' lang='lat' dir='ltr'>ein</span> <span class='ocrx_word' id='word_1_166' title='bbox 278 1783 616 1822; x_wconf 85' lang='lat' dir='ltr'>aristokratischer</span> <span class='ocrx_word' id='word_1_167' title='bbox 647 1783 865 1835; x_wconf 84' lang='lat' dir='ltr'>Historiker</span> <span class='ocrx_word' id='word_1_168' title='bbox 894 1785 955 1821; x_wconf 91' lang='lat' dir='ltr'>die</span> <span class='ocrx_word' id='word_1_169' title='bbox 984 1785 1189 1822; x_wconf 87' lang='lat' dir='ltr'>beriihmte</span> <span class='ocrx_word' id='word_1_170' title='bbox 1219 1785 1331 1822; x_wconf 71' lang='lat' dir='ltr'>Frau&#39;</span> <span class='ocrx_word' id='word_1_171' title='bbox 1347 1785 1407 1822; x_wconf 84' lang='lat' dir='ltr'>fiir</span> <span class='ocrx_word' id='word_1_172' title='bbox 1435 1785 1499 1823; x_wconf 92' lang='lat' dir='ltr'>die</span> <span class='ocrx_word' id='word_1_173' title='bbox 1527 1786 1605 1824; x_wconf 94' lang='lat' dir='ltr'>No-</span> 
     </span>
     <span class='ocr_line' id='line_1_24' title="bbox 188 1853 1604 1903; baseline 0.001 -12"><span class='ocrx_word' id='word_1_174' title='bbox 188 1854 315 1892; x_wconf 71' lang='lat' dir='ltr'>bilitat</span> <span class='ocrx_word' id='word_1_175' title='bbox 344 1860 471 1891; x_wconf 89' lang='lat' dir='ltr'>retten</span> <span class='ocrx_word' id='word_1_176' title='bbox 502 1853 632 1891; x_wconf 87' lang='lat' dir='ltr'>wollte</span> <span class='ocrx_word' id='word_1_177' title='bbox 661 1854 738 1891; x_wconf 92' lang='lat' dir='ltr'>und</span> <span class='ocrx_word' id='word_1_178' title='bbox 766 1854 890 1892; x_wconf 90' lang='lat' dir='ltr'>durch</span> <span class='ocrx_word' id='word_1_179' title='bbox 910 1854 966 1891; x_wconf 92' lang='lat' dir='ltr'>sie</span> <span class='ocrx_word' id='word_1_180' title='bbox 984 1854 1058 1892; x_wconf 91' lang='lat' dir='ltr'>das</span> <span class='ocrx_word' id='word_1_181' title='bbox 1077 1854 1247 1892; x_wconf 72' lang='lat' dir='ltr'>starkste</span> <span class='ocrx_word' id='word_1_182' title='bbox 1267 1854 1604 1903; x_wconf 86' lang='lat' dir='ltr'>Verdammungs·</span> 
     </span>
     <span class='ocr_line' id='line_1_25' title="bbox 188 1923 1603 1973; baseline 0.002 -14"><span class='ocrx_word' id='word_1_183' title='bbox 188 1923 300 1960; x_wconf 90' lang='lat' dir='ltr'>urteil</span> <span class='ocrx_word' id='word_1_184' title='bbox 329 1924 424 1960; x_wconf 80' lang='lat' dir='ltr'>iiber</span> <span class='ocrx_word' id='word_1_185' title='bbox 451 1924 512 1960; x_wconf 92' lang='lat' dir='ltr'>die</span> <span class='ocrx_word' id='word_1_186' title='bbox 541 1923 851 1961; x_wconf 74' lang='lat' dir='ltr'>revolutionaren</span> <span class='ocrx_word' id='word_1_187' title='bbox 871 1923 1004 1963; x_wconf 80' lang='lat' dir='ltr'>Sohne</span> <span class='ocrx_word' id='word_1_188' title='bbox 1032 1925 1225 1973; x_wconf 90' lang='lat' dir='ltr'>sprechen</span> <span class='ocrx_word' id='word_1_189' title='bbox 1254 1924 1357 1969; x_wconf 87' lang='lat' dir='ltr'>liess,</span> <span class='ocrx_word' id='word_1_190' title='bbox 1387 1924 1437 1961; x_wconf 92' lang='lat' dir='ltr'>ist</span> <span class='ocrx_word' id='word_1_191' title='bbox 1463 1925 1603 1962; x_wconf 92' lang='lat' dir='ltr'>durch-</span> 
     </span>
     <span class='ocr_line' id='line_1_26' title="bbox 188 1993 1605 2044; baseline 0.001 -13"><span class='ocrx_word' id='word_1_192' title='bbox 188 2007 259 2032; x_wconf 89' lang='lat' dir='ltr'>aus</span> <span class='ocrx_word' id='word_1_193' title='bbox 295 1993 560 2043; x_wconf 90' lang='lat' dir='ltr'>begreiflich.“</span> <span class='ocrx_word' id='word_1_194' title='bbox 620 1994 777 2033; x_wconf 90' lang='lat' dir='ltr'>Scilicet</span> <span class='ocrx_word' id='word_1_195' title='bbox 819 1995 949 2043; x_wconf 89' lang='lat' dir='ltr'>aliquo</span> <span class='ocrx_word' id='word_1_196' title='bbox 984 1997 1104 2033; x_wconf 88' lang='lat' dir='ltr'>modo</span> <span class='ocrx_word' id='word_1_197' title='bbox 1142 1995 1327 2043; x_wconf 88' lang='lat' dir='ltr'>epistolas</span> <span class='ocrx_word' id='word_1_198' title='bbox 1361 1995 1400 2032; x_wconf 92' lang='lat' dir='ltr'>in</span> <span class='ocrx_word' id='word_1_199' title='bbox 1439 1995 1605 2044; x_wconf 91' lang='lat' dir='ltr'>Nepotis</span> 
     </span>
     <span class='ocr_line' id='line_1_27' title="bbox 188 2064 1604 2113; baseline 0.001 -12"><span class='ocrx_word' id='word_1_200' title='bbox 188 2064 309 2101; x_wconf 92' lang='lat' dir='ltr'>libros</span> <span class='ocrx_word' id='word_1_201' title='bbox 338 2070 520 2113; x_wconf 90' lang='lat' dir='ltr'>receptos</span> <span class='ocrx_word' id='word_1_202' title='bbox 549 2076 634 2102; x_wconf 91' lang='lat' dir='ltr'>esse</span> <span class='ocrx_word' id='word_1_203' title='bbox 662 2076 823 2102; x_wconf 89' lang='lat' dir='ltr'>necesse</span> <span class='ocrx_word' id='word_1_204' title='bbox 851 2070 927 2112; x_wconf 85' lang='lat' dir='ltr'>est;</span> <span class='ocrx_word' id='word_1_205' title='bbox 967 2065 1043 2103; x_wconf 83' lang='lat' dir='ltr'>iam</span> <span class='ocrx_word' id='word_1_206' title='bbox 1084 2077 1178 2103; x_wconf 90' lang='lat' dir='ltr'>vero</span> <span class='ocrx_word' id='word_1_207' title='bbox 1207 2077 1274 2102; x_wconf 90' lang='lat' dir='ltr'>eas</span> <span class='ocrx_word' id='word_1_208' title='bbox 1302 2065 1353 2102; x_wconf 93' lang='lat' dir='ltr'>ab</span> <span class='ocrx_word' id='word_1_209' title='bbox 1383 2065 1448 2102; x_wconf 93' lang='lat' dir='ltr'>illo</span> <span class='ocrx_word' id='word_1_210' title='bbox 1477 2077 1604 2104; x_wconf 89' lang='lat' dir='ltr'>rerum</span> 
     </span>
     <span class='ocr_line' id='line_1_28' title="bbox 187 2134 1603 2187; baseline 0.003 -16"><span class='ocrx_word' id='word_1_211' title='bbox 187 2135 378 2184; x_wconf 89' lang='lat' dir='ltr'>scriptore</span> <span class='ocrx_word' id='word_1_212' title='bbox 406 2135 495 2184; x_wconf 90' lang='lat' dir='ltr'>ipso</span> <span class='ocrx_word' id='word_1_213' title='bbox 523 2134 713 2172; x_wconf 90' lang='lat' dir='ltr'>confictas</span> <span class='ocrx_word' id='word_1_214' title='bbox 743 2146 830 2173; x_wconf 92' lang='lat' dir='ltr'>esse</span> <span class='ocrx_word' id='word_1_215' title='bbox 859 2147 936 2173; x_wconf 90' lang='lat' dir='ltr'>non</span> <span class='ocrx_word' id='word_1_216' title='bbox 956 2148 1073 2186; x_wconf 91' lang='lat' dir='ltr'>posse</span> <span class='ocrx_word' id='word_1_217' title='bbox 1093 2136 1347 2174; x_wconf 89' lang='lat' dir='ltr'>ostendemus</span> <span class='ocrx_word' id='word_1_218' title='bbox 1377 2148 1457 2175; x_wconf 87' lang='lat' dir='ltr'>rem</span> <span class='ocrx_word' id='word_1_219' title='bbox 1477 2137 1603 2187; x_wconf 87' lang='lat' dir='ltr'>ipsam</span> 
     </span>
     <span class='ocr_line' id='line_1_29' title="bbox 188 2203 1540 2256; baseline 0.004 -15"><span class='ocrx_word' id='word_1_220' title='bbox 188 2205 445 2253; x_wconf 85' lang='lat' dir='ltr'>contemplati</span> <span class='ocrx_word' id='word_1_221' title='bbox 474 2205 539 2253; x_wconf 92' lang='lat' dir='ltr'>(de</span> <span class='ocrx_word' id='word_1_222' title='bbox 567 2206 807 2254; x_wconf 86' lang='lat' dir='ltr'>argumentis</span> <span class='ocrx_word' id='word_1_223' title='bbox 836 2203 887 2243; x_wconf 78' lang='lat' dir='ltr'>ex</span> <span class='ocrx_word' id='word_1_224' title='bbox 916 2207 1091 2244; x_wconf 89' lang='lat' dir='ltr'>oratione</span> <span class='ocrx_word' id='word_1_225' title='bbox 1119 2207 1253 2256; x_wconf 83' lang='lat' dir='ltr'>petitis</span> <span class='ocrx_word' id='word_1_226' title='bbox 1281 2206 1329 2245; x_wconf 89' lang='lat' dir='ltr'>cf.</span> <span class='ocrx_word' id='word_1_227' title='bbox 1352 2219 1443 2256; x_wconf 88' lang='lat' dir='ltr'>pag.</span> <span class='ocrx_word' id='word_1_228' title='bbox 1464 2208 1540 2256; x_wconf 80' lang='lat'><strong>27).</strong></span> 
     </span>
    </p>

    <p class='ocr_par' dir='ltr' id='par_1_5' title="bbox 186 2273 1604 2606">
     <span class='ocr_line' id='line_1_30' title="bbox 297 2273 1603 2327; baseline 0.003 -16"><span class='ocrx_word' id='word_1_229' title='bbox 297 2273 509 2318; x_wconf 89' lang='lat' dir='ltr'>Corneliae,</span> <span class='ocrx_word' id='word_1_230' title='bbox 540 2274 810 2313; x_wconf 88' lang='lat' dir='ltr'>Gracchorum</span> <span class='ocrx_word' id='word_1_231' title='bbox 841 2277 987 2320; x_wconf 88' lang='lat' dir='ltr'>matris,</span> <span class='ocrx_word' id='word_1_232' title='bbox 1018 2276 1203 2326; x_wconf 87' lang='lat' dir='ltr'>epistolas</span> <span class='ocrx_word' id='word_1_233' title='bbox 1230 2275 1425 2314; x_wconf 87' lang='lat' dir='ltr'>Ciceronis</span> <span class='ocrx_word' id='word_1_234' title='bbox 1454 2283 1603 2327; x_wconf 89' lang='lat' dir='ltr'>tempo·</span> 
     </span>
     <span class='ocr_line' id='line_1_31' title="bbox 186 2344 1604 2395; baseline 0.002 -14"><span class='ocrx_word' id='word_1_235' title='bbox 186 2344 292 2381; x_wconf 91' lang='lat' dir='ltr'>ribus</span> <span class='ocrx_word' id='word_1_236' title='bbox 334 2344 546 2382; x_wconf 90' lang='lat' dir='ltr'>litterarum</span> <span class='ocrx_word' id='word_1_237' title='bbox 580 2346 846 2383; x_wconf 88' lang='lat' dir='ltr'>Romanarum</span> <span class='ocrx_word' id='word_1_238' title='bbox 889 2346 1138 2395; x_wconf 88' lang='lat' dir='ltr'>peritioribus</span> <span class='ocrx_word' id='word_1_239' title='bbox 1176 2358 1254 2383; x_wconf 90' lang='lat' dir='ltr'>non</span> <span class='ocrx_word' id='word_1_240' title='bbox 1293 2347 1448 2395; x_wconf 85' lang='lat' dir='ltr'>ignotas</span> <span class='ocrx_word' id='word_1_241' title='bbox 1481 2346 1604 2385; x_wconf 83' lang='lat' dir='ltr'>fuisse</span> 
     </span>
     <span class='ocr_line' id='line_1_32' title="bbox 186 2413 1601 2463; baseline 0.003 -13"><span class='ocrx_word' id='word_1_242' title='bbox 186 2413 286 2451; x_wconf 87' lang='lat' dir='ltr'>illius</span> <span class='ocrx_word' id='word_1_243' title='bbox 306 2414 588 2463; x_wconf 90' lang='lat' dir='ltr'>comprobatur</span> <span class='ocrx_word' id='word_1_244' title='bbox 607 2415 834 2453; x_wconf 87' lang='lat' dir='ltr'>testimonio</span> <span class='ocrx_word' id='word_1_245' title='bbox 854 2415 959 2455; x_wconf 87' lang='lat' dir='ltr'>Brut.</span> <span class='ocrx_word' id='word_1_246' title='bbox 978 2416 1043 2460; x_wconf 89' lang='lat'>58,</span> <span class='ocrx_word' id='word_1_247' title='bbox 1064 2416 1162 2462; x_wconf 85' lang='lat'>211;</span> <span class='ocrx_word' id='word_1_248' title='bbox 1192 2416 1295 2453; x_wconf 92' lang='lat' dir='ltr'>hunc</span> <span class='ocrx_word' id='word_1_249' title='bbox 1315 2422 1446 2454; x_wconf 90' lang='lat' dir='ltr'>autem</span> <span class='ocrx_word' id='word_1_250' title='bbox 1465 2416 1601 2455; x_wconf 90' lang='lat' dir='ltr'>librum</span> 
     </span>
     <span class='ocr_line' id='line_1_33' title="bbox 187 2483 1600 2536; baseline 0.003 -16"><span class='ocrx_word' id='word_1_251' title='bbox 187 2483 452 2533; x_wconf 88' lang='lat' dir='ltr'>compluribus</span> <span class='ocrx_word' id='word_1_252' title='bbox 489 2485 599 2522; x_wconf 89' lang='lat' dir='ltr'>annis</span> <span class='ocrx_word' id='word_1_253' title='bbox 635 2490 726 2523; x_wconf 84' lang='lat' dir='ltr'>ante</span> <span class='ocrx_word' id='word_1_254' title='bbox 763 2486 951 2535; x_wconf 89' lang='lat' dir='ltr'>scriptum</span> <span class='ocrx_word' id='word_1_255' title='bbox 987 2499 1074 2525; x_wconf 90' lang='lat' dir='ltr'>esse</span> <span class='ocrx_word' id='word_1_256' title='bbox 1108 2487 1187 2530; x_wconf 80' lang='lat' dir='ltr'>veri</span> <span class='ocrx_word' id='word_1_257' title='bbox 1222 2485 1345 2524; x_wconf 88' lang='lat' dir='ltr'>simile</span> <span class='ocrx_word' id='word_1_258' title='bbox 1373 2486 1441 2530; x_wconf 89' lang='lat' dir='ltr'>sit,</span> <span class='ocrx_word' id='word_1_259' title='bbox 1484 2498 1600 2536; x_wconf 88' lang='lat' dir='ltr'>quam</span> 
     </span>
     <span class='ocr_line' id='line_1_34' title="bbox 190 2553 1600 2606; baseline 0.006 -17"><span class='ocrx_word' id='word_1_260' title='bbox 190 2553 355 2602; x_wconf 87' lang='lat' dir='ltr'>Nepotis</span> <span class='ocrx_word' id='word_1_261' title='bbox 375 2555 487 2592; x_wconf 63' lang='lat' dir='ltr'>&gt;vitae</span> <span class='ocrx_word' id='word_1_262' title='bbox 508 2555 644 2595; x_wconf 83' lang='lat' dir='ltr'>editae</span> <span class='ocrx_word' id='word_1_263' title='bbox 669 2560 768 2594; x_wconf 89' lang='lat' dir='ltr'>sunt.</span> <span class='ocrx_word' id='word_1_264' title='bbox 828 2556 930 2594; x_wconf 90' lang='lat' dir='ltr'>Tum</span> <span class='ocrx_word' id='word_1_265' title='bbox 958 2569 1052 2594; x_wconf 92' lang='lat' dir='ltr'>vero</span> <span class='ocrx_word' id='word_1_266' title='bbox 1081 2557 1187 2595; x_wconf 88' lang='lat' dir='ltr'>illum</span> <span class='ocrx_word' id='word_1_267' title='bbox 1207 2568 1334 2595; x_wconf 90' lang='lat' dir='ltr'>rerum</span> <span class='ocrx_word' id='word_1_268' title='bbox 1357 2557 1600 2606; x_wconf 69' lang='lat' dir='ltr'>scriptorem,</span> 
     </span>
    </p>
   </div>
  </div>
 </body>
</html>
