1771 2968
257 791 411 829 Corneli
434 790 599 840 Nepotis
627 791 870 840 temporibus
899 790 1080 840 epistolas
1099 803 1123 828 a
1143 790 1408 829 Gracchorum
1439 796 1560 828 matre

147 862 312 911 scriptas
340 861 569 898 doctissimo
603 861 742 910 cuique
775 861 953 909 cognitas
987 861 1106 899 fuisse
1135 859 1423 898 evidentissime
1452 859 1559 898 Cice-

148 931 253 968 ronis
294 931 584 968 demonstratur
625 930 752 967 verbis
791 931 896 968 Brut.
925 931 994 974 58,
1026 931 1121 969 211:
1166 931 1343 980 ,legimus
1379 930 1561 979 epistolas

150 999 352 1038 Corneliae
397 999 658 1038 Gracchorum
704 1000 848 1038 matris
875 1023 925 1027 —
959 1007 1031 1039 —-‘.
1106 1000 1231 1037 Nobis
1287 1012 1377 1037 vero
1424 1011 1557 1036 eorum

147 1069 287 1118 quibus
322 1068 477 1106 minime
514 1068 740 1117 abroganda
778 1069 829 1106 sit
866 1068 963 1106 fides
993 1068 1146 1107 Corneli
1173 1068 1341 1118 Nepotis
1377 1069 1557 1106 codicum

148 1139 371 1176 testimonio
414 1139 532 1176 verba
579 1151 642 1181 ,ex
682 1139 844 1186 epistola
878 1137 1081 1176 Corneliae
1111 1137 1376 1176 Gracchorum
1417 1138 1561 1176 matris

146 1212 340 1255 excerpta‘
379 1206 593 1244 traduntur.
658 1207 719 1244 Ac
759 1218 805 1243 ne
844 1206 937 1244 illud
977 1206 1134 1256 quidem
1171 1206 1557 1256 praetermittendum

147 1282 218 1319 est,
248 1277 354 1325 quod
383 1277 429 1313 iis
449 1276 636 1325 epistolas
655 1276 820 1325 scriptas
849 1288 936 1314 esse
955 1281 1119 1326 apparet
1139 1276 1391 1325 temporibus,
1421 1276 1560 1325 quibus

148 1345 367 1383 Corneliam
387 1346 481 1383 urbe
500 1346 670 1383 caruisse
689 1350 854 1383 testatur
868 1344 1042 1389 Orosius,
1072 1345 1137 1394 qui
1154 1345 1257 1394 (adv.
1277 1357 1365 1395 pag.
1386 1345 1436 1388 V,
1461 1345 1561 1394 123)

146 1414 249 1452 illam
288 1421 381 1464 post
417 1415 554 1463 prioris
590 1415 653 1452 filii
692 1421 859 1453 mortem
887 1415 1081 1453 Misenum
1118 1415 1326 1453 secessisse
1360 1415 1470 1458 dicit,
1518 1420 1560 1452 ut

147 1483 305 1521 minime
334 1484 545 1521 mirandum
577 1484 627 1521 sit
662 1496 731 1533 per
769 1483 955 1533 epistolas
989 1496 1078 1522 cum
1113 1483 1192 1521 filio
1228 1489 1390 1522 matrem
1419 1484 1556 1533 egisse.

146 1552 261 1601 Quae
297 1559 474 1597 externa,
523 1560 564 1591 ut
601 1554 654 1591 ita
694 1554 839 1597 dicam,
888 1553 1138 1603 epistolarum
1181 1553 1279 1591 fides
1322 1565 1556 1602 quamquam

146 1622 300 1660 minime
328 1622 600 1666 labefactatur,
662 1624 692 1660 si
731 1624 818 1672 quis
853 1624 934 1661 sine
962 1624 1018 1660 ira
1046 1628 1086 1660 et
1124 1623 1254 1660 studio
1287 1630 1557 1671 argumentum

145 1704 302 1741 quoque
331 1696 484 1742 spectat
512 1699 628 1741 atque
657 1693 889 1737 orationem,
919 1698 1049 1730 tamen
1077 1703 1155 1730 non
1176 1690 1346 1739 defuere,
1376 1692 1442 1742 qui
1461 1691 1557 1730 iram

145 1766 265 1811 atque
310 1763 478 1800 studium
522 1763 822 1812 pulcherrimum
865 1762 1035 1812 quidque
1081 1762 1331 1811 impugnandi
1378 1763 1415 1799 in
1459 1762 1557 1800 haec

147 1833 405 1871 converterint
447 1833 588 1871 misera
631 1832 860 1882 fragmenta.
914 1833 1128 1882 Postquam
1171 1832 1354 1880 Langeus
1409 1831 1557 1880 (Verm.

146 1902 361 1946 Schriften,
389 1903 553 1953 Leipzig
578 1903 696 1947 1832,
726 1916 816 1953 pag.
841 1903 938 1951 1083
994 1902 1134 1940 librum
1181 1902 1308 1951 ipsum
1351 1914 1429 1939 non
1470 1902 1558 1950 legi,

145 1978 372 2020 argumenta
401 1974 554 2022 prolata
582 1974 745 2011 aliorum
775 1985 827 2010 ex
855 1973 1007 2022 scriptis
1035 1972 1218 2021 cognovi)
1260 1976 1300 2009 et
1329 1972 1560 2009 Mercklinus

144 2041 182 2078 in
210 2053 258 2079 eo
287 2055 401 2091 quem
432 2056 549 2092 supra
577 2044 658 2081 dixi
687 2043 784 2081 libro
812 2043 877 2080 illa
906 2029 1108 2081 Corneliae
1148 2042 1353 2080 tribuenda
1379 2054 1466 2080 esse
1496 2055 1561 2080 ne-

144 2117 302 2160 garunt,
345 2112 605 2163 Nipperdeius
643 2114 680 2150 in
720 2113 1031 2163 praeclarissimo
1072 2112 1137 2150 illo
1179 2112 1381 2161 spicilegio
1426 2112 1560 2149 critico

144 2188 374 2230 argumenta
401 2183 451 2220 ab
472 2183 698 2221 adversariis
718 2184 849 2232 posita
868 2182 1049 2220 refutavit
1071 2193 1231 2231 remque
1256 2186 1337 2219 tam
1358 2181 1561 2229 diligenter

144 2253 411 2301 pertractavit,
455 2257 497 2290 ut
537 2253 729 2295 neminem
768 2256 908 2303 postea
938 2251 1138 2290 Corneliae
1177 2251 1242 2289 illa
1281 2251 1557 2300 abrogaturum

145 2333 233 2360 esse
260 2334 449 2362 censeres.
506 2323 563 2362 At
592 2324 715 2361 multo
744 2323 912 2361 acriores
939 2322 1195 2360 imminebant
1215 2321 1391 2372 epistolis
1420 2322 1559 2359 adver-

144 2393 248 2441 sarii3
287 2405 376 2430 nam
406 2391 629 2442 Soergelius
663 2398 703 2432 et
741 2394 938 2442 Meyerus,
969 2393 1035 2430 viri
1063 2392 1275 2435 doctisimi,
1305 2391 1560 2430 vehementis-

144 2463 243 2500 sime
271 2463 412 2500 invecti
431 2463 495 2500 illa
516 2462 736 2511 fragmenta
764 2463 931 2512 genuina
951 2473 1037 2500 esse
1057 2473 1133 2499 non
1156 2473 1273 2511 posse
1293 2461 1561 2500 demonstrare

145 2532 274 2570 conati
295 2538 396 2570 sunt.
454 2533 505 2570 Hi
527 2532 607 2571 fere
625 2539 726 2576 sunt,
756 2533 821 2582 qui
842 2533 996 2570 uberius
1016 2532 1065 2569 de
1085 2531 1159 2569 hac
1180 2544 1220 2568 re
1239 2531 1558 2581 disputaverunt;

145 2612 277 2640 meum
307 2607 439 2641 autem
468 2614 555 2642 esse
583 2602 733 2654 opinor,
764 2606 807 2641 ut
825 2601 1029 2641 Mercklini
1057 2607 1096 2639 et
1116 2600 1342 2651 Nipperdeii
1371 2601 1559 2639 librorum
