1771 2968
194 340 441 379 Plutarchum
471 354 583 380 veras
603 341 807 380 Corneliae
837 343 1025 392 epistolas
1054 343 1209 381 novisse
1236 343 1410 392 colligit?
1458 344 1610 383 Etenim

193 422 262 453 eo,
302 412 408 459 quod
447 411 536 449 illae
565 410 765 449 Ciceronis
798 412 1031 460 legebantur
1065 412 1310 462 temporibus
1337 411 1611 461 (Quintilianus

193 480 380 530 epistolas
418 481 524 530 ipsas
560 493 638 519 non
673 481 747 520 iam
778 482 934 520 novisse
961 483 1130 526 videtur,
1172 482 1370 531 cf.11,6)
1397 493 1463 521 eas
1491 482 1610 521 etiam

194 551 322 589 multis
359 552 468 589 annis
508 557 600 601 post
634 553 672 589 in
707 557 894 602 promptu
924 553 1042 591 fuisse
1071 553 1230 590 minime
1258 553 1519 599 convincitur;
1564 564 1611 590 ac

193 621 375 671 profecto
412 622 497 660 aliis
531 634 689 672 quoque
718 635 770 660 ex
798 622 926 661 causis
954 623 1060 662 illum
1088 623 1133 661 iis
1160 635 1240 660 non
1267 635 1380 661 usum
1409 636 1497 662 esse
1525 635 1611 673 pro·

192 691 373 729 habiliter
401 692 651 738 convincitur,
682 699 724 731 ut
743 692 842 731 infra
871 693 1165 732 demonstrabo.
1225 693 1361 742 Itaque
1389 705 1438 731 ne
1456 703 1610 731 summa

193 761 352 810 quidem
372 761 678 810 fragmentorum
708 763 913 801 diversitas
940 776 963 800 a
984 763 1175 800 Plutarchi
1205 763 1311 801 libris
1339 763 1492 800 illorum
1521 761 1611 800 fidei

192 831 474 875 adversaretur,
505 832 650 881 quippe
678 844 730 869 ex
759 844 836 881 qua
858 827 917 869 'nil
947 833 1018 870 nisi
1043 833 1076 869 ei
1097 832 1284 882 epistolas
1312 833 1470 881 ignotas
1492 832 1610 870 fuisse

192 906 298 939 recte
336 902 518 940 conicias.
577 901 656 940 Sed
696 902 788 940 licet
825 901 887 940 ille
916 903 1159 952 perspexerit
1189 901 1396 941 Corneliae
1422 902 1610 952 epistolas

192 971 360 1020 ideoque
392 972 474 1010 eius
502 972 551 1009 de
579 972 745 1009 filiorum
782 972 950 1010 consiliis
978 973 1234 1011 sententiam:
1281 972 1375 1021 quid
1403 972 1464 1009 illa
1493 972 1611 1010 verba

193 1040 345 1079 dicunt?
394 1040 615 1080 Corneliam
645 1042 763 1079 fuisse
802 1042 1059 1084 „Anstisterin
1097 1043 1167 1080 des
1198 1042 1515 1080 Unternehmens
1540 1042 1610 1079 des

191 1110 418 1148 Tiberius“?
474 1111 567 1148 Meo
607 1111 764 1160 quidem
807 1111 950 1149 iudicio
990 1112 1055 1149 illo
1098 1112 1185 1149 loeo
1228 1111 1279 1148 nil
1322 1116 1498 1148 narratur
1539 1110 1611 1149 nisi

193 1184 356 1217 matrem
387 1192 544 1218 summo
563 1185 603 1218 et
622 1180 833 1218 liberorum
861 1186 901 1218 et
929 1181 1079 1230 patriae
1107 1192 1241 1218 amore
1269 1186 1510 1218 commotam
1540 1180 1608 1217 ad-

193 1250 393 1286 monuisse
425 1250 539 1292 filios,
570 1255 612 1287 ut
642 1250 922 1299 rempublicam
954 1255 1203 1299 capesserent
1230 1254 1349 1298 atque
1377 1249 1429 1286 de
1458 1249 1607 1287 civibus

192 1318 342 1366 optime
370 1318 496 1356 meriti
527 1330 712 1366 magnam
741 1319 907 1367 gloriam
937 1324 977 1356 et
1003 1319 1099 1369 ipsis
1126 1324 1166 1357 et
1194 1319 1305 1356 matri
1335 1324 1538 1367 pararent3
1568 1312 1610 1355 a't

192 1387 299 1424 illam
343 1387 465 1425 filium
504 1389 554 1425 ad
590 1388 871 1436 rempublicam
902 1387 1192 1425 reformandam
1220 1388 1419 1437 impulisse
1457 1387 1531 1425 illis
1558 1400 1609 1424 ex

192 1456 322 1493 verbis
352 1456 509 1494 minime
537 1461 671 1505 potest
701 1457 834 1495 conici.
891 1456 970 1494 Sed
991 1457 1144 1494 etiamsi
1163 1456 1241 1494 hoe
1260 1456 1384 1494 aliove
1412 1456 1503 1494 loeo
1530 1456 1609 1494 evi-

192 1525 420 1573 dentissime
457 1532 563 1564 esset
598 1526 910 1564 demonstratum
952 1534 1112 1564 matrem
1154 1526 1288 1564 Tiberi
1329 1526 1490 1564 consilia
1532 1538 1608 1563 non

192 1596 314 1633 modo
343 1607 421 1632 non
450 1596 709 1644 improbasse,
739 1607 873 1633 verum
901 1596 1019 1633 etiam
1049 1596 1291 1644 provexisse,
1322 1607 1401 1644 quo
1432 1595 1552 1632 modo
1571 1594 1609 1632 id

191 1665 462 1703 adversaretur
489 1665 577 1703 fidei
607 1665 935 1714 fragmentorum,
973 1666 1011 1702 in
1039 1665 1182 1715 quibus
1211 1665 1274 1702 illa
1304 1664 1458 1708 Gaium,
1488 1664 1609 1702 filium

192 1735 392 1778 minorem,
424 1740 512 1772 orat
540 1739 658 1783 atque
687 1735 879 1778 obsecrat,
910 1748 958 1772 ne
986 1735 1113 1772 fratris
1141 1734 1302 1771 consilia
1330 1732 1609 1783 persequatur?

191 1803 272 1841 Iam
303 1816 420 1852 supra
448 1805 500 1841 de
527 1804 602 1841 hac
631 1817 673 1841 re
699 1804 883 1842 disserui:
927 1803 1107 1841 Cornelia
1134 1803 1225 1841 licet
1254 1802 1520 1852 comprobarit
1547 1802 1608 1838 Ti-

191 1873 273 1909 beri
308 1873 470 1910 cousilia
503 1877 542 1910 et
577 1873 810 1922 reipublicae
848 1878 888 1910 et
923 1872 995 1921 ipsi
1034 1884 1111 1909 non
1140 1872 1356 1921 periculosa
1384 1871 1471 1908 fore
1500 1877 1607 1909 rata:

191 1942 372 1980 luctuoso
399 1943 518 1979 docta
547 1947 689 1979 eventu
717 1942 881 1979 alterum
912 1953 963 1979 ne
988 1941 1054 1979 illa
1082 1946 1336 1991 persequatur
1364 1953 1442 1978 non
1474 1945 1610 1990 potest

190 2024 268 2049 non
298 2012 509 2049 admonere
538 2011 673 2051 filium.

299 2082 480 2120 Secunda
509 2094 604 2120 vero
632 2095 750 2131 quarn
781 2082 893 2120 affert
923 2083 1102 2131 Meyerus
1133 2083 1232 2119 ratio
1261 2093 1339 2119 non
1369 2081 1456 2130 plus
1483 2081 1607 2118 valet:

191 2151 413 2190 Corneliam
441 2165 465 2190 a
494 2152 685 2190 nonnullis
715 2164 820 2190 ream
849 2152 994 2190 factam
1024 2165 1109 2190 esse
1138 2152 1244 2190 necis
1266 2150 1459 2189 Africano
1472 2149 1608 2188 minori

190 2222 330 2260 illatae.
390 2222 508 2260 Cuius
528 2222 578 2260 de
599 2228 727 2259 morte
755 2223 1061 2271 praeclarissime
1089 2222 1269 2259 disseruit
1297 2220 1524 2258 Gerlachius
1543 2220 1609 2257 illo

189 2304 307 2341 supra
326 2291 485 2330 laudato
504 2291 613 2339 libro,
642 2291 692 2329 ad
712 2304 830 2341 quem
849 2291 965 2329 huius
982 2292 1036 2329 rei
1054 2291 1179 2339 magis
1197 2290 1396 2328 studiosos
1415 2289 1606 2338 delegem.

190 2361 290 2398 Huic
327 2362 411 2399 viro
439 2361 669 2399 doctissimo
698 2361 812 2411 plane
840 2361 1044 2399 consentio
1072 2365 1160 2398 rato
1187 2360 1302 2397 illum
1324 2358 1513 2397 nec-fato>
1536 2370 1609 2396 nec

148 2462 154 2467 .
190 2443 265 2468 sua.
297 2443 414 2468 manu
443 2437 614 2469 mortem
642 2432 797 2475 obiisse,
828 2432 897 2468 sed
925 2431 976 2468 ab
1004 2431 1134 2480 aliquo
1163 2430 1492 2471 Gracchanorum,
1521 2439 1608 2478 pro-

190 2500 370 2538 babiliter
397 2513 421 2538 a
450 2500 630 2539 Carbone
664 2501 871 2539 triumviro·
901 2500 1147 2538 interfectum
1176 2511 1273 2538 esse.
1329 2498 1488 2535 Minime
1516 2508 1609 2534 vero

191 2573 368 2608 nostrum
405 2574 465 2608 est
502 2570 771 2619 quaestionem
809 2570 970 2616 habere,
1014 2575 1140 2607 utrum
1173 2567 1351 2607 Cornelia
1379 2567 1454 2603 hoc
1481 2566 1609 2604 scelus
