1771 2968
750 205 1018 244 -14—

172 338 259 364 esse
277 325 467 371 videntur,
498 336 588 362 nam
608 324 757 373 patriae
778 323 947 361 maxime
967 322 1181 360 rationibus
1202 326 1326 360 mater
1341 334 1592 361 commovere

173 400 339 435 conatur
367 395 499 438 filium,
530 407 577 432 ne
606 394 737 432 fratris
766 406 867 443 opus
895 393 1085 443 perficiat.

282 465 399 503 Cuius
428 464 535 503 modi
563 465 802 513 argumentis
821 476 938 513 quam
969 464 1100 513 inepte
1128 462 1191 501 ille
1217 462 1470 513 epistolarum
1499 462 1592 501 fidei

173 537 402 574 adversetur
430 547 548 573 nemo
577 548 654 572 non
683 535 903 584 intellegat;
960 535 1037 572 iarn
1075 546 1168 572 vero
1205 534 1321 571 aliam
1349 533 1462 571 affert
1498 545 1591 576 rem,

173 619 252 655 qua
280 606 372 644 mihi
403 606 508 643 haud
541 605 659 643 dubie
687 606 948 643 demonstrari
978 603 1129 642 videtur
1157 603 1238 642 illas
1268 603 1469 642 Corneliae
1496 615 1593 641 non

174 688 261 714 esse
296 676 565 724 abrogandas:
614 674 837 714 Verborum
879 676 973 719 ,sed
1004 681 1228 725 quatenus
1265 675 1318 712 id
1341 675 1470 722 fieri
1509 687 1594 712 non

166 752 337 795 potest,
382 768 431 773 —
462 767 514 773 —
555 745 740 785 inimici
778 746 936 784 nostri
974 758 1059 783 non
1099 745 1337 794 peribunt‘
1387 744 1591 794 ‚garrulam

174 817 455 855 obscuritatem
503 816 936 865 inconcinnitatemque‘
976 817 1089 854 valde
1135 816 1345 853 abhorrere
1392 822 1527 853 censet
1570 828 1593 852 a

174 885 354 924 Cornelia
396 886 587 924 sermonis
630 886 823 935 elegantia
860 885 1182 929 celebratissima,
1229 886 1332 923 illam
1376 886 1474 924 haec
1514 885 1594 924 sere

173 956 290 994 fuisse
319 956 572 1005 scripturam:
631 956 712 999 ,sed
741 962 933 1005 quatenus
968 957 1007 993 id
1044 956 1124 994 fieri
1155 968 1234 993 non
1261 961 1412 1004 potest,
1456 956 1594 994 omitte

175 1025 376 1063 consilium
417 1031 528 1063 tuum
562 1025 739 1063 inimicos
773 1025 979 1063 ulciscendi
1015 1032 1055 1063 et
1084 1026 1243 1063 consule
1272 1025 1446 1074 patriae.‘
1504 1025 1594 1074 Qua

175 1109 216 1134 re
254 1108 297 1134 se
332 1096 432 1133 illius
462 1108 578 1144 quam
615 1096 942 1145 ,psychologiam‘
979 1109 1052 1135 nos
1088 1108 1277 1134 vocamus
1316 1096 1410 1133 artis
1439 1096 1593 1145 imperi-

175 1165 367 1203 tissimum
387 1177 474 1202 esse
492 1165 666 1203 ostendit
686 1165 922 1214 Soergelrus.
977 1167 1088 1203 Haec
1116 1166 1197 1204 sere
1224 1165 1405 1204 falsarius
1433 1165 1592 1214 quidam

175 1235 394 1284 scripsisset
440 1235 592 1273 illorum
640 1241 865 1284 temporum
912 1236 1208 1284 perturbatione
1249 1235 1593 1284 Gracchorumque

177 1303 330 1340 fortuna
359 1305 441 1352 ipse
471 1304 627 1340 minime
646 1310 868 1341 commotus
878 1316 887 1350 ;
931 1310 973 1341 at
1001 1310 1126 1341 mater
1154 1305 1332 1341 trucidati
1362 1316 1498 1341 necem
1527 1303 1593 1341 filii

176 1385 352 1411 maerens
372 1374 411 1410 in
438 1373 638 1422 epistola
666 1373 715 1411 ad
732 1373 895 1412 alterum
911 1374 1006 1412 data
1020 1374 1141 1412 filium
1156 1386 1228 1423 pro
1243 1374 1318 1411 illis
1331 1373 1594 1422 frigidissimis

175 1443 305 1481 verbis
332 1443 484 1486 ‚omitte
503 1442 704 1480 consilium
724 1448 832 1480 tuum
852 1443 1027 1481 inimicos
1047 1443 1266 1482 ulciscendi‘
1296 1443 1390 1481 dicit
1417 1443 1457 1481 id
1486 1443 1594 1492 quod

176 1512 383 1549 ulciscendi
412 1512 574 1549 consilio
602 1511 748 1549 omisso
777 1524 855 1549 non
883 1517 1016 1561 potest
1045 1525 1122 1550 non
1150 1513 1247 1550 fieri:
1303 1512 1444 1549 inimici
1472 1513 1596 1550 nostri

177 1595 253 1619 non
283 1581 482 1631 pcribunt;
540 1593 641 1629 quae
677 1583 853 1630 quamvis
890 1594 1035 1631 magna
1073 1582 1123 1619 sit
1157 1583 1274 1619 animi
1315 1582 1593 1630 magnitudine,

176 1651 280 1687 hanc
307 1649 587 1698 cogitationem
616 1651 828 1698 reprimere
856 1662 935 1688 non
963 1656 1108 1699 potest.

284 1719 366 1757 Sed
384 1719 598 1762 videamus,
628 1712 833 1768 quomodo
861 1721 938 1758 iam
963 1720 1169 1769 impugnet
1192 1719 1257 1757 ille
1285 1719 1595 1768 ,loquacissimae

177 1795 287 1826 anus‘
318 1787 526 1838 epistolas!
585 1787 715 1837 Quam
755 1789 886 1839 inepte
925 1789 976 1828 de
1010 1788 1146 1826 matris
1181 1788 1329 1827 iudiciis
1370 1788 1519 1838 ‚iniquis
1557 1793 1597 1826 et

179 1858 338 1895 odiosis‘
369 1859 528 1900 iudicet,
558 1858 698 1906 quibus
727 1870 886 1896 omnem
905 1860 1007 1896 inter
1024 1865 1189 1896 matrem
1209 1863 1249 1896 et
1268 1858 1390 1895 filium
1409 1859 1593 1906 pietatem

175 1927 260 1966 tolli
289 1939 449 1966 necesse
475 1926 606 1971 suerit,
651 1928 727 1965 iam
767 1941 886 1978 supra
914 1928 1194 1969 demonstravi.
1250 1927 1466 1967 Subrisisse
1502 1927 1595 1966 mihi

176 1998 330 2034 videtur
345 1997 467 2034 Gaius
482 1997 743 2034 sollicitudine
760 1997 919 2045 cognita
933 1998 1156 2035 carissimae
1170 1998 1317 2040 matris,
1347 1997 1465 2046 quam
1484 1997 1596 2033 nimis

176 2066 336 2104 anxiam
356 2078 443 2104 esse
462 2065 661 2109 censebat,
691 2065 839 2116 quippe
858 2078 958 2116 quae
984 2071 1098 2105 tanta
1123 2066 1335 2106 verborum
1365 2064 1597 2104 solennitate

175 2141 297 2185 atque
335 2136 530 2185 gravitate
566 2136 813 2173 admonuerit
848 2135 969 2174 filium
1007 2137 1268 2181 car'nsimum3
1315 2135 1596 2173 dissensionem

177 2206 296 2245 fuisse
326 2206 428 2245 inter
464 2211 631 2244 matrem
667 2211 706 2243 et
742 2204 862 2243 filium
897 2205 1056 2244 minime
1082 2218 1205 2255 nego,
1245 2205 1450 2244 discidium
1479 2216 1596 2254 nege.

175 2276 303 2314 Nobis
323 2275 502 2314 Cornelia
531 2275 652 2313 filium
680 2275 894 2313 admonere
922 2275 1089 2320 videtur,
1130 2288 1180 2314 ne
1206 2275 1445 2313 tribunatum
1471 2279 1594 2323 petat,

176 2345 379 2395 Soergelio
406 2351 560 2389 autem,
607 2350 662 2389 ,ut
696 2345 855 2384 omnino
889 2358 953 2385 res
979 2346 1156 2396 publicas
1181 2357 1300 2396 agere
1327 2344 1509 2388 desistat,
1554 2348 1597 2381 ut

176 2417 271 2463 otio,
299 2416 478 2464 ignaviae
506 2427 550 2452 se
576 2416 663 2458 det,
709 2420 750 2452 ut
790 2416 911 2465 ipsius
939 2417 1124 2454 securitas
1152 2427 1310 2454 summa
1336 2415 1412 2452 sibi
1440 2414 1506 2451 lex
1534 2413 1595 2456 sit,

176 2490 221 2524 ut
259 2497 338 2524 non
374 2485 541 2536 patriae,
589 2484 660 2523 scd
697 2486 864 2524 miserae
900 2486 1146 2525 mulierculae
1186 2486 1380 2524 rationem
1417 2483 1594 2522 habeat‘l

176 2554 341 2593 Summo
370 2560 413 2593 et
438 2553 587 2604 patriae
615 2560 656 2592 et
691 2554 757 2592 filii
792 2566 931 2593 amore
965 2559 1166 2593 commota
1206 2559 1333 2592 mater
1367 2552 1473 2590 illum
1512 2557 1597 2589 orat
