1771 2968
190 353 320 392 denuo
348 353 603 402 impugnatae
622 357 710 391 sunt
729 366 752 391 a
771 353 856 391 viro
876 353 1119 396 doctissimo,
1151 353 1374 391 Eduardo
1403 353 1609 403 Meyero3

190 423 252 460 cui
293 434 343 460 eo
385 422 535 460 facilius
578 434 776 460 nonnemo
812 423 946 460 credat
975 428 1138 466 temere,
1182 423 1291 472 quod
1329 423 1379 460 de
1419 423 1494 461 illis
1532 436 1609 461 non

191 493 346 542 scripsit
373 492 525 535 librum,
565 493 635 533 sed
662 492 700 528 in
729 492 806 534 illo,
847 505 965 540 quem
994 505 1111 541 supra
1139 493 1232 535 dixi,
1261 493 1311 530 de
1340 492 1608 530 Gracchorum

151 580 153 582 ·
190 561 436 612 temporibus
463 562 658 600 disserens
685 561 770 599 illas
799 560 1002 600 Corneliae
1029 573 1109 600 non
1139 574 1226 600 esse
1254 574 1334 600 non
1361 562 1610 611 abrogandas

190 632 393 670 contendit
407 632 623 679 longiorem
639 643 971 680 supervacaneam
987 643 1075 669 esse
1091 636 1197 669 ratus
1211 632 1609 679 argumentationem

191 700 335 737 etenim
376 700 550 738 maxime
587 701 726 738 mirum
757 713 843 738 esse
871 713 940 738 eas
969 713 993 738 a
1020 701 1109 738 viris
1138 699 1395 743 doctissimis,
1441 700 1559 738 etiam
1588 712 1611 740 a

191 769 453 807 Mommsenio
494 782 568 818 pro
610 770 785 818 genuinis
826 771 972 808 haberi.
1041 770 1214 816 Quarum
1256 770 1396 812 salsam
1438 770 1609 809 indolem

191 843 326 876 censet
345 850 434 884 cum
456 838 765 888 fragmentorum
785 839 1044 877 demonstrari
1059 844 1304 888 argumento,
1334 844 1417 876 tum
1438 838 1610 876 maxime

192 908 390 954 oratione:
448 908 552 948 hanc
586 909 688 954 enim
726 921 816 947 esse
844 909 974 947 colore
1003 910 1128 946 multo
1156 910 1373 952 recentiore
1401 914 1442 946 et
1469 909 1608 946 mirum

192 982 382 1027 quantum
430 977 640 1016 abhorrere
686 990 710 1015 a
753 977 1024 1023 Gracchorum
1070 978 1371 1027 aequaliumque
1417 989 1608 1016 sermone.

192 1047 302 1084 Haec
330 1047 446 1095 igitur
476 1047 722 1096 potissimum
751 1047 974 1096 diligentius
1002 1047 1096 1085 mihi
1124 1047 1339 1097 spectanda
1367 1053 1439 1090 est,
1470 1046 1611 1084 deinde

193 1117 274 1154 eius
303 1129 356 1154 ex
384 1116 504 1154 rebus
530 1117 654 1166 petita
683 1122 916 1165 argumenta
943 1117 1134 1156 refutabo.

302 1185 628 1233 Fragmentorum
657 1186 925 1223 orationem
956 1185 1084 1223 adhuc
1112 1196 1230 1228 nemo
1257 1184 1410 1229 uberius
1429 1185 1611 1223 tractavit

193 1265 340 1297 eorum,
371 1255 437 1303 qui
466 1254 557 1292 fidei
585 1259 654 1292 aut
682 1254 909 1292 defensores
938 1261 1005 1298 aut
1033 1255 1242 1294 adversarii
1272 1256 1512 1296 exstiterunt,
1543 1254 1612 1291 sed

193 1323 429 1368 Mercklinus
469 1335 628 1372 quoque
656 1329 696 1360 et
724 1323 947 1372 Soet-gelius
986 1323 1137 1367 illorum
1178 1323 1297 1361 fidem
1339 1324 1614 1373 impugnantes

193 1392 471 1442 antiquitatem
511 1393 644 1442 potius
686 1405 734 1431 ea
777 1393 951 1439 redolere
990 1400 1163 1432 censent.
1216 1393 1303 1442 Jam
1342 1392 1493 1441 singula
1531 1405 1612 1442 per-

194 1474 424 1506 censeamus
443 1462 585 1499 verba!
618 1462 790 1499 Primum
808 1463 966 1511 quidem
986 1463 1121 1499 incidit
1140 1462 1265 1505 nobis,
1296 1463 1430 1498 utiam
1444 1461 1615 1510 Nipper-

194 1530 307 1570 deius
340 1531 502 1573 notavit,
537 1530 796 1579 ,pulchrius
827 1537 976 1580 atque‘
1017 1543 1105 1574 nam
1140 1537 1255 1580 atque
1291 1535 1382 1580 post
1415 1542 1614 1579 compara-

194 1601 315 1638 tivum
356 1600 613 1648 (negativum)
654 1601 829 1649 positum⁴
856 1600 1054 1638 Ciceronis
1083 1601 1327 1649 Nepotisque
1370 1600 1614 1648 temporibus

194 1668 264 1706 nisi
292 1668 398 1718 apud
425 1668 665 1717 antiquarios
694 1680 773 1707 non
802 1669 974 1718 reperias
1001 1671 1114 1718 (unus
1141 1669 1252 1707 locus
1277 1681 1340 1718 ap.
1363 1667 1441 1706 Cic.
1464 1668 1550 1708 An.
1572 1668 1612 1710 5,

198 1740 258 1782 n,
290 1739 317 1777 2
343 1738 422 1785 iure
450 1750 474 1775 a
502 1738 663 1776 Klotzio
701 1738 862 1788 aliisque
901 1739 940 1777 in
983 1739 1246 1789 suspicionem
1293 1738 1485 1780 adductus
1528 1741 1614 1786 est),

195 1808 366 1857 reperias
393 1813 528 1844 autem
545 1807 777 1857 compluries
805 1809 844 1845 in
872 1808 1089 1858 antiquiore
1117 1820 1311 1851 sermone,
1341 1813 1385 1845 ut
1404 1820 1468 1856 ap.
1490 1807 1613 1845 Plaut.

196 1877 286 1924 Cas.
317 1877 401 1922 86ss
439 1888 524 1920 ‚nee
552 1877 742 1915 fialiaciam
771 1878 1001 1916 astutiorem
1030 1879 1130 1916 ullus
1159 1878 1252 1916 fecit
1280 1882 1399 1927 poeta
1428 1884 1549 1926 atque
1574 1883 1616 1913 ut

195 1947 294 1983 haec
323 1951 384 1983 est
411 1946 521 1983 fabre
551 1946 655 1983 sacta
682 1946 732 1983 ab
762 1947 900 1990 nobis‘,
930 1948 1051 1991 Mene.
1073 1948 1149 1985 897
1182 1947 1356 1989 ‚amicior
1375 1946 1468 1983 mihi
1489 1945 1617 1982 nullus

195 2011 293 2052 uiuit
321 2020 438 2064 atque
466 2014 610 2062 is*est‘;
640 2014 729 2054 Ter.
752 2015 876 2055 Andr'.
898 2016 979 2056 698
1008 2028 1098 2061 ‚non
1118 2015 1313 2066 Apollinis
1332 2015 1458 2066 magis
1478 2026 1615 2054 uerum

195 2091 315 2132 atque
348 2086 426 2121 hoo
453 2092 755 2132 responsumst‘;
813 2087 971 2133 gravius
1011 2092 1142 2128 autem
1180 2097 1267 2122 esse
1305 2096 1464 2126 censeo,
1508 2085 1618 2132 quod

195 2152 359 2191 verbum
388 2158 612 2202 quatenus
639 2154 815 2191 nondum
845 2155 1013 2192 eandum
1041 2153 1187 2192 habere
1205 2153 1359 2197 videtur
1377 2159 1616 2203 potestatem

196 2236 317 2271 quam.
355 2228 495 2270 postea
537 2245 587 2250 -
630 2223 828 2260 Ciceronis
870 2224 1029 2260 demum
1071 2223 1312 2272 temporibus
1343 2245 1405 2267 —--,
1449 2224 1471 2260 i.
1501 2235 1534 2261 e.
1563 2240 1616 2255 =

195 2292 390 2341 quoniam,
420 2291 490 2330 sed
520 2291 751 2331 Germanice
780 2291 974 2341 significat
1005 2293 1067 2337 „in
1096 2305 1142 2331 so
1170 2292 1298 2332 weit“.
1356 2293 1509 2337 Deinde
1537 2293 1613 2331 iam

196 2374 248 2398 ex
287 2362 420 2410 primis
459 2362 770 2410 fragmen-torum
812 2363 987 2405 versibus
1023 2369 1161 2412 atque
1196 2363 1430 2412 particulam
1461 2363 1618 2412 saepius

197 2436 426 2480 usurpatum
455 2444 691 2481 cognoscas:
749 2433 786 2470 in
826 2432 1021 2471 ambobus
1059 2434 1204 2477 nostris
1238 2433 1470 2482 fragmentis
1504 2439 1619 2482 atque

196 2501 346 2548 septies
388 2501 574 2549 simplicis
615 2503 832 2550 copulativa
877 2507 986 2545 tenet
1030 2507 1182 2550 partes,
1230 2507 1290 2543 ter
1330 2514 1420 2551 que,
1468 2502 1525 2539 bis
1567 2508 1615 2541 et.

198 2567 388 2607 Conferas
417 2581 566 2619 quaeso
593 2570 762 2621 Nepotis
791 2583 1035 2620 sennonem3
1094 2571 1271 2621 exempli
1302 2582 1421 2609 eausa
1449 2571 1616 2610 adhibeo
