1771 2968
816 178 976 216 -25
1031 200 1081 206 -.

352 294 465 343 Quae
488 305 583 335 ‚curn
611 293 787 336 ita'sin't,
830 292 1033 340 Meyerum
1070 292 1292 340 negandum
1326 303 1405 329 non
1433 292 1482 329 sit
1508 296 1655 330 temere

244 364 433 402 iudicasse
461 362 512 400 de
531 363 838 410 fragmentorum
859 372 1049 399 sermone.
1106 360 1189 409 Jam
1220 372 1315 398 vero
1343 360 1505 410 singulis
1534 361 1654 411 perlu-

243 434 375 472 stratis
389 432 517 470 verbis
528 432 680 469 illorum
693 431 859 469 breviter
872 430 1182 480 contemplemur
1196 431 1413 468 orationem
1427 430 1654 473 universam,

243 516 356 554 quae,
387 506 429 539 ut
447 501 507 538 ille
536 507 679 544 censet,
713 500 820 544 „aufs
849 500 1018 538 starkste
1045 514 1091 538 zu
1121 502 1196 538 den
1225 500 1368 538 echten
1389 500 1656 549 Fragmenten

244 575 314 611 der
343 571 546 610 Gracchen
583 572 659 608 und
693 571 794 608 ihrer
823 571 1101 618 Zeitgenossen
1136 571 1425 608 kontrastiert“.
1482 569 1572 618 Qua
1606 570 1656 607 de

244 655 284 680 re
312 641 433 679 fusius
452 641 608 677 tractari
629 652 707 677 non
727 645 872 689 potest,
902 639 991 688 quia
1018 640 1270 688 epistolarum
1302 640 1353 676 nil
1383 640 1455 676 nisi
1485 639 1669 682 minimas

244 711 510 750 Gracchorum
541 710 837 758 aequaliumque
865 709 1100 758 scriptorum
1130 709 1181 746 nil
1211 710 1282 746 nisi
1312 721 1434 758 parva
1466 709 1655 746 habemus

242 781 475 829 fragmenta,
518 785 647 816 tamen
677 778 877 816 Corneliae
913 790 1132 816 sermonem
1167 778 1372 827 intellegas
1401 778 1557 815 minime
1586 778 1655 815 ab·

242 851 398 887 horrere
433 849 484 885 ab
520 848 592 886 illis
622 848 874 897 temporibus.
933 848 1086 884 Etenim
1119 847 1280 885 Catonis
1315 848 1470 896 quidem
1508 848 1540 885 si
1568 847 1655 896 quis

243 918 454 968 perlegerit
483 918 694 960 orationes,
740 918 775 954 in
811 918 856 954 iis
885 928 1079 953 summam
1108 917 1236 954 inesse
1265 916 1546 954 vehementiam
1576 928 1652 954 non

242 988 419 1037 negabit3
477 987 628 1036 optimo
663 988 744 1024 iure
773 986 918 1024 Gellius
944 987 1065 1035 (XIII,
1086 987 1153 1035 24)
1188 987 1542 1024 commiseratz'ones
1569 986 1654 1023 illas

241 1057 465 1107 appellavit.
511 1057 603 1094 Eius
627 1057 731 1093 modi
748 1067 840 1093 vero
856 1056 1235 1093 commiserationem
1252 1057 1366 1093 etiam
1383 1056 1421 1092 in
1437 1056 1653 1104 posteriore

241 1127 431 1164 habemus
469 1126 690 1174 fragmento
718 1126 790 1168 ita,
834 1130 877 1163 ut
912 1125 1131 1174 complures
1169 1138 1301 1163 versus
1340 1126 1418 1162 fere
1456 1125 1653 1174 desumpti

241 1207 325 1233 esse
367 1196 567 1233 videantur
610 1207 662 1232 ex
701 1195 829 1243 aliqua
873 1193 1033 1232 Catonis
1076 1195 1137 1232 vel
1182 1194 1223 1232 C.
1255 1194 1420 1232 Gracchi
1463 1195 1649 1234 oratione.

242 1265 381 1314 Neque
411 1265 512 1302 enim
542 1265 691 1302 illorum
721 1275 850 1301 sermo
877 1263 1035 1301 carebat
1063 1264 1100 1300 in
1130 1264 1416 1313 compositione
1445 1264 1651 1302 verborum

241 1346 288 1371 ea
315 1335 512 1382 diligentia
530 1339 647 1382 atque
677 1338 772 1376 arte,
802 1344 926 1382 paene
955 1333 1035 1370 dixi
1070 1333 1326 1376 affectatione,
1356 1345 1453 1382 quas
1473 1333 1652 1381 Meyerus

242 1405 418 1453 proprias
438 1415 522 1441 esse
538 1409 674 1452 putare
691 1402 843 1440 videtur
858 1402 1057 1440 Ciceronis
1073 1408 1113 1440 et
1128 1404 1388 1451 posteriorum
1407 1403 1651 1452 scriptorum,

241 1473 279 1510 id
309 1473 415 1521 quod
443 1485 520 1510 non
549 1472 757 1522 ignorabat
786 1472 838 1510 A.
856 1472 1004 1511 Gellius
1033 1478 1137 1510 ratus
1165 1473 1230 1521 (X,
1261 1473 1301 1521 3)
1343 1473 1546 1516 ,Catonern
1576 1473 1652 1509 iam

241 1548 324 1580 tum
368 1541 495 1580 facere
538 1543 721 1585 voluisse,
779 1542 885 1591 quod
925 1542 1061 1581 Cicero
1103 1549 1242 1591 postea
1283 1542 1399 1581 fecit‘.
1465 1542 1653 1580 Conferas

241 1624 388 1661 quaeso
418 1613 514 1649 haec
544 1612 703 1649 Catonis
731 1612 796 1660 (de
824 1612 928 1649 salsis
957 1612 1108 1660 pugnis,
1147 1624 1209 1660 ap.
1241 1611 1336 1649 Gell.
1366 1613 1418 1655 X,
1448 1613 1487 1661 3)
1515 1613 1650 1650 verba:

241 1681 351 1730 ‚Quis
368 1681 467 1718 hanc
483 1681 766 1724 contumeliam,
784 1682 868 1730 quis
883 1681 958 1718 hoc
973 1681 1188 1730 imperium,
1206 1682 1291 1730 quis
1308 1682 1408 1719 hanc
1423 1683 1648 1720 servitutem

239 1751 339 1789 ferre
380 1751 534 1800 potest?
589 1751 717 1789 Nemo
756 1751 833 1789 hoc
870 1764 939 1788 rex
975 1763 1092 1789 ausus
1131 1757 1191 1789 est
1228 1751 1375 1799 facere;
1432 1764 1527 1789 eane
1568 1752 1649 1790 fieri

240 1821 371 1871 bonis,
412 1821 518 1858 bono
546 1833 688 1869 genere
716 1822 861 1870 gnatis,
899 1821 990 1859 boni
1020 1820 1230 1859 consultis?
1273 1822 1338 1859 ubi
1367 1823 1552 1864 societas,
1584 1822 1651 1859 ubi

239 1890 337 1928 fides
359 1891 572 1928 maiorum?
601 1890 807 1939 Insignitas
828 1892 994 1934 iniurias,
1024 1891 1172 1940 plagas,
1204 1892 1375 1934 verbera,
1405 1892 1559 1935 vibices,
1581 1905 1650 1930 eos

239 1960 398 1998 dolores
425 1967 541 2009 atque
571 1961 808 2000 carnificinas
836 1975 904 2011 per
933 1962 1103 1999 dedecus
1131 1967 1247 2010 atque
1276 1963 1487 1999 maximam
1517 1969 1649 2000 contu-

240 2030 391 2067 meliam
421 2052 472 2057 —
500 2053 552 2059 -——
582 2037 620 2068 te
657 2031 785 2068 facere
819 2044 956 2069 ausum
985 2031 1091 2069 esse?
1147 2031 1224 2068 Sed
1260 2037 1447 2079 quantum
1488 2031 1647 2074 luctum,

238 2106 424 2148 quantum
461 2102 667 2149 gemitum,
706 2103 797 2152 quid
824 2102 1085 2145 lacrimarum,
1128 2107 1314 2151 quantum
1342 2102 1474 2139 fletum
1504 2101 1648 2139 factum

237 2169 402 2206 audivi?‘
431 2171 490 2206 vel
513 2171 608 2207 haec
636 2171 754 2219 (XIII,
776 2172 842 2220 24>
860 2193 924 2218 ‚—
948 2173 986 2208 in
1016 2173 1128 2209 rebus
1149 2172 1329 2208 secundis
1349 2176 1465 2219 atque
1485 2172 1648 2220 prolixis

237 2243 355 2287 atque
389 2241 610 2289 prosperis‘.
670 2240 824 2279 Scilicet
867 2241 964 2279 haec
1006 2243 1130 2290 magis
1179 2241 1352 2279 redolent
1389 2242 1646 2290 antiquiorem

237 2310 478 2345 sermonem!
539 2310 596 2347 At
636 2321 728 2347 vero
758 2309 934 2348 Cornelia
977 2312 1119 2349 eodem
1161 2312 1279 2348 modo
1321 2311 1490 2348 cumulat
1527 2312 1650 2349 verba

237 2377 468 2428 (,denique
502 2392 616 2428 quae
633 2386 790 2428 pausa
826 2381 949 2419 erit?
984 2381 1212 2431 ecquando
1247 2381 1427 2418 desinet
1448 2382 1650 2429 familia

236 2454 396 2485 nostra
433 2449 664 2486 insanire«
703 2453 798 2498 sq.)‚
854 2451 1119 2500 compluribus
1165 2451 1364 2487 vocabulis
1407 2452 1510 2488 idem
1554 2453 1650 2490 dicit

237 2518 358 2564 (aton
402 2519 622 2568 peribunt
666 2525 802 2570 atque
843 2526 996 2559 erunt‘
1044 2544 1094 2550 -
1143 2521 1455 2571 ,profligetur
1509 2529 1651 2573 atque
