<?xml version="1.0" encoding="UTF-8"?>
<!DOCTYPE html PUBLIC "-//W3C//DTD XHTML 1.0 Transitional//EN"
    "http://www.w3.org/TR/xhtml1/DTD/xhtml1-transitional.dtd">
<html xmlns="http://www.w3.org/1999/xhtml" xml:lang="en" lang="en">
 <head>
  <title>
</title>
<meta http-equiv="Content-Type" content="text/html;charset=utf-8" />
  <meta name='ocr-system' content='tesseract 3.04.00' />
  <meta name='ocr-capabilities' content='ocr_page ocr_carea ocr_par ocr_line ocrx_word'/>
</head>
<body>
  <div class='ocr_page' id='page_1' title='image "4737351_0043.png"; bbox 0 0 1771 2968; ppageno 0'>
   <div class='ocr_carea' id='block_1_1' title="bbox 740 195 1004 236">
    <p class='ocr_par' dir='ltr' id='par_1_1' title="bbox 740 195 1004 236">
     <span class='ocr_line' id='line_1_1' title="bbox 740 195 1004 236; baseline 0.004 -12"><span class='ocrx_word' id='word_1_1' title='bbox 740 195 896 236; x_wconf 76' lang='lat'>-33</span> <span class='ocrx_word' id='word_1_2' title='bbox 952 220 1004 225; x_wconf 81' lang='grc'>,-</span> 
     </span>
    </p>
   </div>
   <div class='ocr_carea' id='block_1_2' title="bbox 137 307 1569 2512">
    <p class='ocr_par' dir='ltr' id='par_1_2' title="bbox 137 307 1569 2512">
     <span class='ocr_line' id='line_1_2' title="bbox 161 307 1568 361; baseline -0.002 -6"><span class='ocrx_word' id='word_1_3' title='bbox 161 318 291 355; x_wconf 87' lang='lat' dir='ltr'>omnia</span> <span class='ocrx_word' id='word_1_4' title='bbox 324 307 580 353; x_wconf 84' lang='lat' dir='ltr'>adversantur</span> <span class='ocrx_word' id='word_1_5' title='bbox 606 314 912 361; x_wconf 83' lang='lat' dir='ltr'><strong>fragmentorum</strong></span> <span class='ocrx_word' id='word_1_6' title='bbox 940 315 1050 351; x_wconf 78' lang='lat' dir='ltr'>fidei?</span> <span class='ocrx_word' id='word_1_7' title='bbox 1106 315 1283 352; x_wconf 88' lang='lat' dir='ltr'>Cornelia</span> <span class='ocrx_word' id='word_1_8' title='bbox 1312 328 1389 352; x_wconf 91' lang='lat' dir='ltr'>non</span> <span class='ocrx_word' id='word_1_9' title='bbox 1418 316 1568 353; x_wconf 85' lang='lat' dir='ltr'>minore</span> 
     </span>
     <span class='ocr_line' id='line_1_3' title="bbox 160 382 1566 438; baseline -0.002 -11"><span class='ocrx_word' id='word_1_10' title='bbox 160 387 309 438; x_wconf 78' lang='lat' dir='ltr'>patriae</span> <span class='ocrx_word' id='word_1_11' title='bbox 345 397 462 436; x_wconf 92' lang='lat' dir='ltr'>quam</span> <span class='ocrx_word' id='word_1_12' title='bbox 498 382 565 421; x_wconf 91' lang='lat' dir='ltr'>filii</span> <span class='ocrx_word' id='word_1_13' title='bbox 593 395 729 421; x_wconf 88' lang='lat' dir='ltr'>amore</span> <span class='ocrx_word' id='word_1_14' title='bbox 756 389 955 422; x_wconf 90' lang='lat' dir='ltr'>commota</span> <span class='ocrx_word' id='word_1_15' title='bbox 982 383 1141 422; x_wconf 89' lang='lat' dir='ltr'>Tiberio</span> <span class='ocrx_word' id='word_1_16' title='bbox 1170 384 1373 423; x_wconf 90' lang='lat' dir='ltr'>interfecto</span> <span class='ocrx_word' id='word_1_17' title='bbox 1401 386 1566 424; x_wconf 88' lang='lat' dir='ltr'>alterum</span> 
     </span>
     <span class='ocr_line' id='line_1_4' title="bbox 159 453 1568 503; baseline -0.001 -8"><span class='ocrx_word' id='word_1_18' title='bbox 159 458 417 495; x_wconf 88' lang='lat' dir='ltr'>admonuerat</span> <span class='ocrx_word' id='word_1_19' title='bbox 444 454 566 491; x_wconf 90' lang='lat' dir='ltr'>filium</span> <span class='ocrx_word' id='word_1_20' title='bbox 580 480 589 496; x_wconf 92' lang='lat'>,</span> <span class='ocrx_word' id='word_1_21' title='bbox 629 464 678 490; x_wconf 92' lang='lat' dir='ltr'>ne</span> <span class='ocrx_word' id='word_1_22' title='bbox 705 453 836 490; x_wconf 88' lang='lat' dir='ltr'>fratris</span> <span class='ocrx_word' id='word_1_23' title='bbox 863 460 1159 503; x_wconf 82' lang='lat' dir='ltr'>persequeretur</span> <span class='ocrx_word' id='word_1_24' title='bbox 1185 455 1368 502; x_wconf 85' lang='lat' dir='ltr'>consilia;</span> <span class='ocrx_word' id='word_1_25' title='bbox 1402 455 1568 494; x_wconf 89' lang='lat' dir='ltr'>timebat</span> 
     </span>
     <span class='ocr_line' id='line_1_5' title="bbox 159 513 1566 572; baseline -0.003 -6"><span class='ocrx_word' id='word_1_26' title='bbox 159 529 273 571; x_wconf 88' lang='lat' dir='ltr'>enim,</span> <span class='ocrx_word' id='word_1_27' title='bbox 303 513 351 563; x_wconf 84' lang='lat' dir='ltr'>ne</span> <span class='ocrx_word' id='word_1_28' title='bbox 379 524 503 561; x_wconf 90' lang='lat' dir='ltr'>multo</span> <span class='ocrx_word' id='word_1_29' title='bbox 532 524 658 572; x_wconf 87' lang='lat' dir='ltr'>magis</span> <span class='ocrx_word' id='word_1_30' title='bbox 685 522 983 560; x_wconf 85' lang='lat' dir='ltr'>labefactaretur</span> <span class='ocrx_word' id='word_1_31' title='bbox 1010 523 1227 572; x_wconf 85' lang='lat' dir='ltr'>respublica</span> <span class='ocrx_word' id='word_1_32' title='bbox 1255 537 1278 561; x_wconf 92' lang='lat' dir='ltr'>a</span> <span class='ocrx_word' id='word_1_33' title='bbox 1306 525 1456 562; x_wconf 90' lang='lat' dir='ltr'>minore</span> <span class='ocrx_word' id='word_1_34' title='bbox 1484 525 1566 562; x_wconf 87' lang='lat' dir='ltr'>filio</span> 
     </span>
     <span class='ocr_line' id='line_1_6' title="bbox 158 582 1565 641; baseline -0.003 -6"><span class='ocrx_word' id='word_1_35' title='bbox 158 582 358 635; x_wconf 80' lang='lat' dir='ltr'>acerrimo,</span> <span class='ocrx_word' id='word_1_36' title='bbox 416 593 533 631; x_wconf 90' lang='lat' dir='ltr'>Cuius</span> <span class='ocrx_word' id='word_1_37' title='bbox 557 591 718 629; x_wconf 89' lang='lat' dir='ltr'>consilio</span> <span class='ocrx_word' id='word_1_38' title='bbox 737 603 816 630; x_wconf 88' lang='lat' dir='ltr'>non</span> <span class='ocrx_word' id='word_1_39' title='bbox 844 592 1135 640; x_wconf 70' lang='lat' dir='ltr'>obtemperavit.</span> <span class='ocrx_word' id='word_1_40' title='bbox 1152 592 1287 630; x_wconf 88' lang='lat' dir='ltr'>Gaius:</span> <span class='ocrx_word' id='word_1_41' title='bbox 1335 594 1565 641; x_wconf 89' lang='lat' dir='ltr'>gravissime</span> 
     </span>
     <span class='ocr_line' id='line_1_7' title="bbox 156 652 1564 712; baseline -0.002 -8"><span class='ocrx_word' id='word_1_42' title='bbox 156 652 303 705; x_wconf 81' lang='lat' dir='ltr'>afflicta</span> <span class='ocrx_word' id='word_1_43' title='bbox 341 670 401 703; x_wconf 90' lang='lat' dir='ltr'>est</span> <span class='ocrx_word' id='word_1_44' title='bbox 428 662 657 712; x_wconf 88' lang='lat' dir='ltr'>respublica,</span> <span class='ocrx_word' id='word_1_45' title='bbox 686 660 902 711; x_wconf 89' lang='lat' dir='ltr'>perfectum</span> <span class='ocrx_word' id='word_1_46' title='bbox 930 660 1063 700; x_wconf 86' lang='lat' dir='ltr'>autem</span> <span class='ocrx_word' id='word_1_47' title='bbox 1091 673 1190 711; x_wconf 90' lang='lat' dir='ltr'>opus</span> <span class='ocrx_word' id='word_1_48' title='bbox 1219 674 1242 699; x_wconf 88' lang='lat' dir='ltr'>a</span> <span class='ocrx_word' id='word_1_49' title='bbox 1270 662 1426 701; x_wconf 81' lang='lat' dir='ltr'>Tiberio</span> <span class='ocrx_word' id='word_1_50' title='bbox 1454 663 1564 701; x_wconf 90' lang='lat' dir='ltr'>inco—</span> 
     </span>
     <span class='ocr_line' id='line_1_8' title="bbox 155 731 1564 784; baseline -0.003 -10"><span class='ocrx_word' id='word_1_51' title='bbox 155 736 308 779; x_wconf 90' lang='lat' dir='ltr'>hatum,</span> <span class='ocrx_word' id='word_1_52' title='bbox 341 733 450 772; x_wconf 89' lang='lat' dir='ltr'>cuius</span> <span class='ocrx_word' id='word_1_53' title='bbox 489 732 642 784; x_wconf 72' lang='lat' dir='ltr'>plurimi</span> <span class='ocrx_word' id='word_1_54' title='bbox 677 731 854 769; x_wconf 88' lang='lat' dir='ltr'>fruuntur</span> <span class='ocrx_word' id='word_1_55' title='bbox 891 731 1122 769; x_wconf 90' lang='lat' dir='ltr'>commodis.</span> <span class='ocrx_word' id='word_1_56' title='bbox 1178 732 1279 769; x_wconf 91' lang='lat' dir='ltr'>Tum</span> <span class='ocrx_word' id='word_1_57' title='bbox 1310 744 1405 770; x_wconf 90' lang='lat' dir='ltr'>vero</span> <span class='ocrx_word' id='word_1_58' title='bbox 1434 733 1564 770; x_wconf 87' lang='lat' dir='ltr'>trium-</span> 
     </span>
     <span class='ocr_line' id='line_1_9' title="bbox 155 801 1564 851; baseline -0.002 -9"><span class='ocrx_word' id='word_1_59' title='bbox 155 806 246 849; x_wconf 83' lang='lat' dir='ltr'>viris</span> <span class='ocrx_word' id='word_1_60' title='bbox 274 805 502 841; x_wconf 87' lang='lat' dir='ltr'>adversatur</span> <span class='ocrx_word' id='word_1_61' title='bbox 537 802 672 851; x_wconf 90' lang='lat' dir='ltr'>Scipio</span> <span class='ocrx_word' id='word_1_62' title='bbox 695 801 901 840; x_wconf 83' lang='lat' dir='ltr'>Africanus</span> <span class='ocrx_word' id='word_1_63' title='bbox 935 802 1091 838; x_wconf 61' lang='lat' dir='ltr'>minorz-</span> <span class='ocrx_word' id='word_1_64' title='bbox 1123 801 1302 838; x_wconf 90' lang='lat' dir='ltr'>Cornelia</span> <span class='ocrx_word' id='word_1_65' title='bbox 1329 802 1564 840; x_wconf 88' lang='lat' dir='ltr'>dissuaserat</span> 
     </span>
     <span class='ocr_line' id='line_1_10' title="bbox 155 869 1569 919; baseline 0 -10"><span class='ocrx_word' id='word_1_66' title='bbox 155 872 319 910; x_wconf 90' lang='lat' dir='ltr'>filiorum</span> <span class='ocrx_word' id='word_1_67' title='bbox 354 870 534 914; x_wconf 89' lang='lat' dir='ltr'>consilia,</span> <span class='ocrx_word' id='word_1_68' title='bbox 572 882 675 908; x_wconf 89' lang='lat' dir='ltr'>nunc</span> <span class='ocrx_word' id='word_1_69' title='bbox 702 882 796 908; x_wconf 89' lang='lat' dir='ltr'>vero</span> <span class='ocrx_word' id='word_1_70' title='bbox 823 869 929 907; x_wconf 91' lang='lat' dir='ltr'>illum</span> <span class='ocrx_word' id='word_1_71' title='bbox 957 869 1162 919; x_wconf 88' lang='lat' dir='ltr'>perniciem</span> <span class='ocrx_word' id='word_1_72' title='bbox 1193 882 1331 919; x_wconf 90' lang='lat' dir='ltr'>parare</span> <span class='ocrx_word' id='word_1_73' title='bbox 1358 871 1569 918; x_wconf 88' lang='lat' dir='ltr'>cognoscit</span> 
     </span>
     <span class='ocr_line' id='line_1_11' title="bbox 153 940 1565 989; baseline -0.001 -11"><span class='ocrx_word' id='word_1_74' title='bbox 153 941 303 989; x_wconf 89' lang='lat' dir='ltr'>legibus</span> <span class='ocrx_word' id='word_1_75' title='bbox 341 941 507 978; x_wconf 91' lang='lat' dir='ltr'>filiorum</span> <span class='ocrx_word' id='word_1_76' title='bbox 526 941 529 944; x_wconf 74' lang='grc'><strong>”</strong></span> <span class='ocrx_word' id='word_1_77' title='bbox 547 952 701 978; x_wconf 87' lang='lat' dir='ltr'>summa</span> <span class='ocrx_word' id='word_1_78' title='bbox 741 940 992 977; x_wconf 88' lang='lat' dir='ltr'>contentione</span> <span class='ocrx_word' id='word_1_79' title='bbox 1030 951 1108 977; x_wconf 88' lang='lat' dir='ltr'>non</span> <span class='ocrx_word' id='word_1_80' title='bbox 1147 940 1230 977; x_wconf 91' lang='lat' dir='ltr'>sine</span> <span class='ocrx_word' id='word_1_81' title='bbox 1268 951 1411 988; x_wconf 91' lang='lat' dir='ltr'>magna</span> <span class='ocrx_word' id='word_1_82' title='bbox 1445 941 1565 977; x_wconf 89' lang='lat' dir='ltr'>caede</span> 
     </span>
     <span class='ocr_line' id='line_1_12' title="bbox 149 995 1563 1059; baseline 0.001 -12"><span class='ocrx_word' id='word_1_83' title='bbox 149 995 295 1047; x_wconf 34' lang='lat' dir='ltr'>&#39;civium</span> <span class='ocrx_word' id='word_1_84' title='bbox 324 1008 558 1052; x_wconf 88' lang='lat' dir='ltr'>constitutis,</span> <span class='ocrx_word' id='word_1_85' title='bbox 581 1010 846 1059; x_wconf 66' lang='lat' dir='ltr'>⁴nequicquam</span> <span class='ocrx_word' id='word_1_86' title='bbox 877 1014 1061 1046; x_wconf 90' lang='lat' dir='ltr'>mortuus.</span> <span class='ocrx_word' id='word_1_87' title='bbox 1080 1019 1168 1045; x_wconf 90' lang='lat' dir='ltr'>esse</span> <span class='ocrx_word' id='word_1_88' title='bbox 1196 1008 1348 1046; x_wconf 90' lang='lat' dir='ltr'>videtur</span> <span class='ocrx_word' id='word_1_89' title='bbox 1371 1008 1563 1051; x_wconf 83' lang='lat' dir='ltr'>Tiberius,</span> 
     </span>
     <span class='ocr_line' id='line_1_13' title="bbox 154 1077 1564 1127; baseline -0.001 -11"><span class='ocrx_word' id='word_1_90' title='bbox 154 1077 227 1116; x_wconf 92' lang='lat' dir='ltr'>Gai</span> <span class='ocrx_word' id='word_1_91' title='bbox 262 1090 419 1127; x_wconf 89' lang='lat' dir='ltr'>quoque</span> <span class='ocrx_word' id='word_1_92' title='bbox 453 1079 534 1115; x_wconf 87' lang='lat' dir='ltr'>vita</span> <span class='ocrx_word' id='word_1_93' title='bbox 567 1079 606 1115; x_wconf 92' lang='lat' dir='ltr'>in</span> <span class='ocrx_word' id='word_1_94' title='bbox 634 1078 839 1116; x_wconf 87' lang='lat' dir='ltr'>discrimen</span> <span class='ocrx_word' id='word_1_95' title='bbox 861 1081 1029 1115; x_wconf 83' lang='lat' dir='ltr'>vocatur</span> <span class='ocrx_word' id='word_1_96' title='bbox 1057 1078 1107 1115; x_wconf 93' lang='lat' dir='ltr'>ab</span> <span class='ocrx_word' id='word_1_97' title='bbox 1135 1078 1456 1116; x_wconf 84' lang='lat' dir='ltr'>adversariorum</span> <span class='ocrx_word' id='word_1_98' title='bbox 1475 1090 1564 1127; x_wconf 88' lang='lat' dir='ltr'>par-</span> 
     </span>
     <span class='ocr_line' id='line_1_14' title="bbox 152 1147 1563 1196; baseline 0.001 -12"><span class='ocrx_word' id='word_1_99' title='bbox 152 1147 275 1190; x_wconf 90' lang='lat' dir='ltr'>tibus,</span> <span class='ocrx_word' id='word_1_100' title='bbox 317 1147 551 1196; x_wconf 87' lang='lat' dir='ltr'>reipublicae</span> <span class='ocrx_word' id='word_1_101' title='bbox 583 1151 715 1186; x_wconf 89' lang='lat' dir='ltr'>autem</span> <span class='ocrx_word' id='word_1_102' title='bbox 735 1170 784 1175; x_wconf 97' lang='lat'><strong>—</strong></span> <span class='ocrx_word' id='word_1_103' title='bbox 805 1147 908 1184; x_wconf 88' lang='lat' dir='ltr'>haud</span> <span class='ocrx_word' id='word_1_104' title='bbox 945 1147 1142 1184; x_wconf 87' lang='lat' dir='ltr'>levissima</span> <span class='ocrx_word' id='word_1_105' title='bbox 1160 1147 1295 1186; x_wconf 80' lang='lat' dir='ltr'>ratio!</span> <span class='ocrx_word' id='word_1_106' title='bbox 1317 1169 1370 1175; x_wconf 93' lang='lat'>—-</span> <span class='ocrx_word' id='word_1_107' title='bbox 1389 1149 1563 1185; x_wconf 84' lang='lat' dir='ltr'>maxima</span> 
     </span>
     <span class='ocr_line' id='line_1_15' title="bbox 151 1215 1564 1267; baseline 0.002 -15"><span class='ocrx_word' id='word_1_108' title='bbox 151 1216 278 1253; x_wconf 92' lang='lat' dir='ltr'>denuo</span> <span class='ocrx_word' id='word_1_109' title='bbox 303 1215 506 1255; x_wconf 89' lang='lat' dir='ltr'>imminere</span> <span class='ocrx_word' id='word_1_110' title='bbox 529 1217 707 1255; x_wconf 88' lang='lat' dir='ltr'>videntur</span> <span class='ocrx_word' id='word_1_111' title='bbox 726 1216 908 1265; x_wconf 84' lang='lat' dir='ltr'>pericula,</span> <span class='ocrx_word' id='word_1_112' title='bbox 937 1228 1027 1253; x_wconf 88' lang='lat' dir='ltr'>nam</span> <span class='ocrx_word' id='word_1_113' title='bbox 1056 1221 1138 1253; x_wconf 89' lang='lat' dir='ltr'>tum</span> <span class='ocrx_word' id='word_1_114' title='bbox 1168 1217 1307 1254; x_wconf 86' lang='lat' dir='ltr'>iterum</span> <span class='ocrx_word' id='word_1_115' title='bbox 1327 1216 1490 1267; x_wconf 88' lang='lat' dir='ltr'>diceres,</span> <span class='ocrx_word' id='word_1_116' title='bbox 1521 1223 1564 1255; x_wconf 87' lang='lat' dir='ltr'>ut</span> 
     </span>
     <span class='ocr_line' id='line_1_16' title="bbox 152 1285 1563 1335; baseline 0.001 -14"><span class='ocrx_word' id='word_1_117' title='bbox 152 1285 406 1322; x_wconf 85' lang='lat' dir='ltr'>recentiorum</span> <span class='ocrx_word' id='word_1_118' title='bbox 435 1285 635 1326; x_wconf 89' lang='lat' dir='ltr'>cuiusdam</span> <span class='ocrx_word' id='word_1_119' title='bbox 663 1285 865 1335; x_wconf 83' lang='lat' dir='ltr'>scriptoris</span> <span class='ocrx_word' id='word_1_120' title='bbox 887 1285 1020 1331; x_wconf 11' lang='lat' dir='ltr'>*verbis</span> <span class='ocrx_word' id='word_1_121' title='bbox 1048 1289 1154 1334; x_wconf 83' lang='lat' dir='ltr'>utar,</span> <span class='ocrx_word' id='word_1_122' title='bbox 1200 1286 1315 1328; x_wconf 87' lang='lat' dir='ltr'>„dass</span> <span class='ocrx_word' id='word_1_123' title='bbox 1342 1286 1414 1322; x_wconf 88' lang='lat' dir='ltr'>die</span> <span class='ocrx_word' id='word_1_124' title='bbox 1433 1286 1563 1325; x_wconf 89' lang='lat' dir='ltr'>Besei—</span> 
     </span>
     <span class='ocr_line' id='line_1_17' title="bbox 149 1353 1559 1402; baseline 0.001 -11"><span class='ocrx_word' id='word_1_125' title='bbox 149 1353 285 1402; x_wconf 89' lang='lat' dir='ltr'>tigung</span> <span class='ocrx_word' id='word_1_126' title='bbox 314 1354 383 1392; x_wconf 89' lang='lat' dir='ltr'>des</span> <span class='ocrx_word' id='word_1_127' title='bbox 402 1355 600 1393; x_wconf 89' lang='lat' dir='ltr'>Unrechts</span> <span class='ocrx_word' id='word_1_128' title='bbox 628 1355 731 1392; x_wconf 89' lang='lat' dir='ltr'>ohne</span> <span class='ocrx_word' id='word_1_129' title='bbox 755 1354 932 1393; x_wconf 86' lang='lat' dir='ltr'>Unrecht</span> <span class='ocrx_word' id='word_1_130' title='bbox 961 1354 1068 1391; x_wconf 88' lang='lat' dir='ltr'>nicht</span> <span class='ocrx_word' id='word_1_131' title='bbox 1096 1354 1264 1402; x_wconf 68' lang='lat' dir='ltr'>moglich</span> <span class='ocrx_word' id='word_1_132' title='bbox 1289 1361 1408 1392; x_wconf 69' lang='lat' dir='ltr'>,war“.</span> <span class='ocrx_word' id='word_1_133' title='bbox 1454 1354 1559 1394; x_wconf 89' lang='lat' dir='ltr'>Num</span> 
     </span>
     <span class='ocr_line' id='line_1_18' title="bbox 149 1417 1559 1472; baseline 0.001 -13"><span class='ocrx_word' id='word_1_134' title='bbox 149 1421 360 1460; x_wconf 87' lang='lat' dir='ltr'>abhorrere</span> <span class='ocrx_word' id='word_1_135' title='bbox 403 1417 555 1462; x_wconf 89' lang='lat' dir='ltr'>videtur</span> <span class='ocrx_word' id='word_1_136' title='bbox 596 1424 689 1462; x_wconf 90' lang='lat' dir='ltr'>illud</span> <span class='ocrx_word' id='word_1_137' title='bbox 728 1423 877 1461; x_wconf 80' lang='lat' dir='ltr'>facinus</span> <span class='ocrx_word' id='word_1_138' title='bbox 918 1423 970 1461; x_wconf 91' lang='lat' dir='ltr'>ab</span> <span class='ocrx_word' id='word_1_139' title='bbox 1012 1436 1075 1466; x_wconf 90' lang='lat' dir='ltr'>ea,</span> <span class='ocrx_word' id='word_1_140' title='bbox 1119 1435 1220 1471; x_wconf 88' lang='lat' dir='ltr'>quae</span> <span class='ocrx_word' id='word_1_141' title='bbox 1253 1423 1336 1460; x_wconf 88' lang='lat' dir='ltr'>illas</span> <span class='ocrx_word' id='word_1_142' title='bbox 1372 1423 1559 1472; x_wconf 83' lang='lat' dir='ltr'>epistolas</span> 
     </span>
     <span class='ocr_line' id='line_1_19' title="bbox 149 1491 1558 1541; baseline 0.002 -13"><span class='ocrx_word' id='word_1_143' title='bbox 149 1491 317 1541; x_wconf 84' lang='lat' dir='ltr'>scripsit,</span> <span class='ocrx_word' id='word_1_144' title='bbox 347 1492 554 1530; x_wconf 87' lang='lat' dir='ltr'>abhorrere</span> <span class='ocrx_word' id='word_1_145' title='bbox 573 1505 596 1530; x_wconf 90' lang='lat' dir='ltr'>a</span> <span class='ocrx_word' id='word_1_146' title='bbox 617 1492 821 1531; x_wconf 87' lang='lat' dir='ltr'>Corneliae</span> <span class='ocrx_word' id='word_1_147' title='bbox 849 1492 1027 1540; x_wconf 84' lang='lat' dir='ltr'>imagine</span> <span class='ocrx_word' id='word_1_148' title='bbox 1047 1491 1255 1530; x_wconf 87' lang='lat' dir='ltr'>multorum</span> <span class='ocrx_word' id='word_1_149' title='bbox 1281 1492 1394 1529; x_wconf 86' lang='lat' dir='ltr'>nobis</span> <span class='ocrx_word' id='word_1_150' title='bbox 1414 1493 1558 1531; x_wconf 89' lang='lat' dir='ltr'>tradita</span> 
     </span>
     <span class='ocr_line' id='line_1_20' title="bbox 148 1560 1557 1609; baseline 0.001 -13"><span class='ocrx_word' id='word_1_151' title='bbox 148 1560 381 1609; x_wconf 89' lang='lat' dir='ltr'>scriptorum</span> <span class='ocrx_word' id='word_1_152' title='bbox 409 1561 448 1597; x_wconf 93' lang='lat' dir='ltr'>in</span> <span class='ocrx_word' id='word_1_153' title='bbox 475 1561 600 1605; x_wconf 90' lang='lat' dir='ltr'>libris,</span> <span class='ocrx_word' id='word_1_154' title='bbox 641 1561 675 1599; x_wconf 88' lang='lat' dir='ltr'>si</span> <span class='ocrx_word' id='word_1_155' title='bbox 703 1563 850 1599; x_wconf 89' lang='lat' dir='ltr'>omisso</span> <span class='ocrx_word' id='word_1_156' title='bbox 879 1561 970 1598; x_wconf 86' lang='lat' dir='ltr'>fidei</span> <span class='ocrx_word' id='word_1_157' title='bbox 999 1560 1241 1598; x_wconf 89' lang='lat' dir='ltr'>Christianae</span> <span class='ocrx_word' id='word_1_158' title='bbox 1269 1561 1430 1598; x_wconf 92' lang='lat' dir='ltr'>modulo</span> <span class='ocrx_word' id='word_1_159' title='bbox 1458 1562 1557 1599; x_wconf 92' lang='lat' dir='ltr'>anti-</span> 
     </span>
     <span class='ocr_line' id='line_1_21' title="bbox 147 1628 1553 1681; baseline 0 -14"><span class='ocrx_word' id='word_1_160' title='bbox 147 1628 304 1678; x_wconf 83' lang='lat' dir='ltr'>quitatis</span> <span class='ocrx_word' id='word_1_161' title='bbox 324 1630 457 1680; x_wconf 90' lang='lat' dir='ltr'>potius</span> <span class='ocrx_word' id='word_1_162' title='bbox 476 1642 606 1669; x_wconf 90' lang='lat' dir='ltr'>mores</span> <span class='ocrx_word' id='word_1_163' title='bbox 625 1631 823 1681; x_wconf 86' lang='lat' dir='ltr'>respicias,</span> <span class='ocrx_word' id='word_1_164' title='bbox 853 1630 1079 1679; x_wconf 87' lang='lat' dir='ltr'>praesertim</span> <span class='ocrx_word' id='word_1_165' title='bbox 1099 1641 1186 1667; x_wconf 89' lang='lat' dir='ltr'>cum</span> <span class='ocrx_word' id='word_1_166' title='bbox 1205 1629 1271 1667; x_wconf 91' lang='lat' dir='ltr'>illo</span> <span class='ocrx_word' id='word_1_167' title='bbox 1292 1629 1553 1674; x_wconf 89' lang='lat' dir='ltr'>matrimonio,</span> 
     </span>
     <span class='ocr_line' id='line_1_22' title="bbox 146 1698 1553 1750; baseline 0.001 -15"><span class='ocrx_word' id='word_1_168' title='bbox 146 1698 254 1747; x_wconf 87' lang='lat' dir='ltr'>quod</span> <span class='ocrx_word' id='word_1_169' title='bbox 288 1699 366 1737; x_wconf 91' lang='lat' dir='ltr'>filia</span> <span class='ocrx_word' id='word_1_170' title='bbox 392 1711 481 1737; x_wconf 91' lang='lat' dir='ltr'>cum</span> <span class='ocrx_word' id='word_1_171' title='bbox 509 1700 693 1750; x_wconf 88' lang='lat' dir='ltr'>Scipione</span> <span class='ocrx_word' id='word_1_172' title='bbox 720 1700 872 1743; x_wconf 91' lang='lat' dir='ltr'>inierat,</span> <span class='ocrx_word' id='word_1_173' title='bbox 915 1700 969 1737; x_wconf 91' lang='lat' dir='ltr'>illi</span> <span class='ocrx_word' id='word_1_174' title='bbox 997 1700 1148 1737; x_wconf 90' lang='lat' dir='ltr'>etiamsi</span> <span class='ocrx_word' id='word_1_175' title='bbox 1177 1711 1254 1737; x_wconf 89' lang='lat' dir='ltr'>non</span> <span class='ocrx_word' id='word_1_176' title='bbox 1282 1699 1461 1738; x_wconf 85' lang='lat' dir='ltr'>stimulus</span> <span class='ocrx_word' id='word_1_177' title='bbox 1488 1701 1553 1737; x_wconf 85' lang='lat' dir='ltr'>ad-</span> 
     </span>
     <span class='ocr_line' id='line_1_23' title="bbox 146 1766 1553 1820; baseline 0.001 -14"><span class='ocrx_word' id='word_1_178' title='bbox 146 1767 322 1813; x_wconf 89' lang='lat' dir='ltr'>debatur,</span> <span class='ocrx_word' id='word_1_179' title='bbox 351 1775 458 1809; x_wconf 90' lang='lat' dir='ltr'>certe</span> <span class='ocrx_word' id='word_1_180' title='bbox 485 1770 692 1820; x_wconf 80' lang='lat' dir='ltr'>scrupulus</span> <span class='ocrx_word' id='word_1_181' title='bbox 719 1768 922 1808; x_wconf 86' lang='lat' dir='ltr'>iniceretur</span> <span class='ocrx_word' id='word_1_182' title='bbox 949 1767 1095 1807; x_wconf 84' lang='lat' dir='ltr'>nullus?</span> <span class='ocrx_word' id='word_1_183' title='bbox 1142 1768 1233 1812; x_wconf 87' lang='lat' dir='ltr'>Sed,</span> <span class='ocrx_word' id='word_1_184' title='bbox 1263 1769 1336 1807; x_wconf 87' lang='lat' dir='ltr'>etsi</span> <span class='ocrx_word' id='word_1_185' title='bbox 1355 1766 1553 1818; x_wconf 87' lang='lat' dir='ltr'>fragmen·</span> 
     </span>
     <span class='ocr_line' id='line_1_24' title="bbox 143 1839 1554 1888; baseline 0.002 -14"><span class='ocrx_word' id='word_1_186' title='bbox 143 1841 290 1881; x_wconf 89' lang='lat' dir='ltr'>torum,</span> <span class='ocrx_word' id='word_1_187' title='bbox 328 1840 376 1875; x_wconf 92' lang='lat' dir='ltr'>de</span> <span class='ocrx_word' id='word_1_188' title='bbox 404 1840 544 1888; x_wconf 89' lang='lat' dir='ltr'>quibus</span> <span class='ocrx_word' id='word_1_189' title='bbox 572 1841 710 1888; x_wconf 89' lang='lat' dir='ltr'>agitur,</span> <span class='ocrx_word' id='word_1_190' title='bbox 739 1845 1010 1888; x_wconf 87' lang='lat' dir='ltr'>argumentum</span> <span class='ocrx_word' id='word_1_191' title='bbox 1038 1839 1289 1876; x_wconf 88' lang='lat' dir='ltr'>vehementer</span> <span class='ocrx_word' id='word_1_192' title='bbox 1315 1845 1554 1887; x_wconf 86' lang='lat' dir='ltr'>repugnaret</span> 
     </span>
     <span class='ocr_line' id='line_1_25' title="bbox 143 1905 1554 1959; baseline 0.001 -16"><span class='ocrx_word' id='word_1_193' title='bbox 143 1905 188 1943; x_wconf 93' lang='lat' dir='ltr'>iis</span> <span class='ocrx_word' id='word_1_194' title='bbox 216 1906 345 1951; x_wconf 91' lang='lat' dir='ltr'>rebus,</span> <span class='ocrx_word' id='word_1_195' title='bbox 374 1920 472 1957; x_wconf 89' lang='lat' dir='ltr'>quas</span> <span class='ocrx_word' id='word_1_196' title='bbox 501 1908 706 1959; x_wconf 89' lang='lat' dir='ltr'>Appianus</span> <span class='ocrx_word' id='word_1_197' title='bbox 734 1908 867 1952; x_wconf 88' lang='lat' dir='ltr'>refert,</span> <span class='ocrx_word' id='word_1_198' title='bbox 905 1920 1125 1958; x_wconf 89' lang='lat' dir='ltr'>nequaqam</span> <span class='ocrx_word' id='word_1_199' title='bbox 1154 1908 1422 1945; x_wconf 89' lang='lat' dir='ltr'>demonstrata</span> <span class='ocrx_word' id='word_1_200' title='bbox 1450 1913 1554 1946; x_wconf 88' lang='lat' dir='ltr'>esset</span> 
     </span>
     <span class='ocr_line' id='line_1_26' title="bbox 143 1974 1551 2026; baseline 0.002 -15"><span class='ocrx_word' id='word_1_201' title='bbox 143 1974 293 2013; x_wconf 88' lang='lat' dir='ltr'>illorum</span> <span class='ocrx_word' id='word_1_202' title='bbox 332 1977 428 2015; x_wconf 86' lang='lat' dir='ltr'>falsa</span> <span class='ocrx_word' id='word_1_203' title='bbox 456 1978 623 2023; x_wconf 88' lang='lat' dir='ltr'>indoles;</span> <span class='ocrx_word' id='word_1_204' title='bbox 667 1990 758 2015; x_wconf 90' lang='lat' dir='ltr'>nam</span> <span class='ocrx_word' id='word_1_205' title='bbox 785 1978 892 2016; x_wconf 90' lang='lat' dir='ltr'>illum</span> <span class='ocrx_word' id='word_1_206' title='bbox 922 1977 1106 2026; x_wconf 88' lang='lat' dir='ltr'>epistolas</span> <span class='ocrx_word' id='word_1_207' title='bbox 1135 1977 1290 2014; x_wconf 89' lang='lat' dir='ltr'>novisse</span> <span class='ocrx_word' id='word_1_208' title='bbox 1318 1988 1396 2014; x_wconf 92' lang='lat' dir='ltr'>non</span> <span class='ocrx_word' id='word_1_209' title='bbox 1423 1977 1551 2014; x_wconf 86' lang='lat' dir='ltr'>solum</span> 
     </span>
     <span class='ocr_line' id='line_1_27' title="bbox 140 2031 1551 2097; baseline 0.003 -15"><span class='ocrx_word' id='word_1_210' title='bbox 140 2031 219 2082; x_wconf 82' lang='lat' dir='ltr'>non</span> <span class='ocrx_word' id='word_1_211' title='bbox 248 2046 415 2091; x_wconf 86' lang='lat' dir='ltr'>ostendi,</span> <span class='ocrx_word' id='word_1_212' title='bbox 444 2057 579 2085; x_wconf 91' lang='lat' dir='ltr'>verum</span> <span class='ocrx_word' id='word_1_213' title='bbox 608 2047 727 2086; x_wconf 88' lang='lat' dir='ltr'>etiam</span> <span class='ocrx_word' id='word_1_214' title='bbox 756 2047 1011 2097; x_wconf 88' lang='lat' dir='ltr'>probabiliter</span> <span class='ocrx_word' id='word_1_215' title='bbox 1025 2051 1173 2096; x_wconf 87' lang='lat' dir='ltr'>potest</span> <span class='ocrx_word' id='word_1_216' title='bbox 1199 2045 1342 2095; x_wconf 87' lang='lat' dir='ltr'>negari.</span> <span class='ocrx_word' id='word_1_217' title='bbox 1390 2044 1551 2086; x_wconf 86' lang='lat' dir='ltr'>Minime</span> 
     </span>
     <span class='ocr_line' id='line_1_28' title="bbox 142 2113 1550 2165; baseline 0.002 -15"><span class='ocrx_word' id='word_1_218' title='bbox 142 2113 219 2151; x_wconf 88' lang='lat' dir='ltr'>hoc</span> <span class='ocrx_word' id='word_1_219' title='bbox 248 2115 337 2152; x_wconf 91' lang='lat' dir='ltr'>loco</span> <span class='ocrx_word' id='word_1_220' title='bbox 365 2117 415 2153; x_wconf 92' lang='lat' dir='ltr'>de</span> <span class='ocrx_word' id='word_1_221' title='bbox 443 2115 614 2165; x_wconf 89' lang='lat' dir='ltr'>Appiani</span> <span class='ocrx_word' id='word_1_222' title='bbox 642 2116 815 2154; x_wconf 85' lang='lat' dir='ltr'>fontibus</span> <span class='ocrx_word' id='word_1_223' title='bbox 843 2114 1089 2154; x_wconf 90' lang='lat' dir='ltr'>tractandum</span> <span class='ocrx_word' id='word_1_224' title='bbox 1118 2120 1196 2159; x_wconf 84' lang='lat' dir='ltr'>est;</span> <span class='ocrx_word' id='word_1_225' title='bbox 1234 2114 1284 2151; x_wconf 92' lang='lat' dir='ltr'>de</span> <span class='ocrx_word' id='word_1_226' title='bbox 1311 2115 1372 2152; x_wconf 89' lang='lat' dir='ltr'>his</span> <span class='ocrx_word' id='word_1_227' title='bbox 1400 2116 1550 2163; x_wconf 89' lang='lat' dir='ltr'>optime</span> 
     </span>
     <span class='ocr_line' id='line_1_29' title="bbox 141 2182 1550 2234; baseline 0.001 -13"><span class='ocrx_word' id='word_1_228' title='bbox 141 2182 320 2223; x_wconf 87' lang='lat' dir='ltr'>disseruit</span> <span class='ocrx_word' id='word_1_229' title='bbox 348 2185 518 2234; x_wconf 89' lang='lat' dir='ltr'>Wijnne,</span> <span class='ocrx_word' id='word_1_230' title='bbox 556 2185 615 2223; x_wconf 86' lang='lat' dir='ltr'>vir-</span> <span class='ocrx_word' id='word_1_231' title='bbox 649 2185 900 2225; x_wconf 89' lang='lat' dir='ltr'>doctissimus</span> <span class='ocrx_word' id='word_1_232' title='bbox 968 2185 1044 2223; x_wconf 93' lang='lat' dir='ltr'>Hic</span> <span class='ocrx_word' id='word_1_233' title='bbox 1076 2184 1113 2222; x_wconf 92' lang='lat' dir='ltr'>in</span> <span class='ocrx_word' id='word_1_234' title='bbox 1146 2183 1211 2222; x_wconf 94' lang='lat' dir='ltr'>illo</span> <span class='ocrx_word' id='word_1_235' title='bbox 1245 2195 1362 2233; x_wconf 86' lang='lat' dir='ltr'>supra</span> <span class='ocrx_word' id='word_1_236' title='bbox 1389 2184 1550 2223; x_wconf 90' lang='lat' dir='ltr'>laudato</span> 
     </span>
     <span class='ocr_line' id='line_1_30' title="bbox 140 2241 1548 2302; baseline 0.002 -13"><span class='ocrx_word' id='word_1_237' title='bbox 140 2241 239 2290; x_wconf 91' lang='lat' dir='ltr'>libro</span> <span class='ocrx_word' id='word_1_238' title='bbox 277 2254 384 2292; x_wconf 91' lang='lat' dir='ltr'>illum</span> <span class='ocrx_word' id='word_1_239' title='bbox 420 2248 555 2294; x_wconf 86' lang='lat' dir='ltr'>censet</span> <span class='ocrx_word' id='word_1_240' title='bbox 583 2267 661 2292; x_wconf 90' lang='lat' dir='ltr'>non</span> <span class='ocrx_word' id='word_1_241' title='bbox 689 2256 844 2293; x_wconf 91' lang='lat' dir='ltr'>novisse</span> <span class='ocrx_word' id='word_1_242' title='bbox 872 2254 1071 2294; x_wconf 80' lang='lat' dir='ltr'>Corneliae</span> <span class='ocrx_word' id='word_1_243' title='bbox 1099 2253 1149 2291; x_wconf 93' lang='lat' dir='ltr'>ad</span> <span class='ocrx_word' id='word_1_244' title='bbox 1179 2252 1318 2291; x_wconf 89' lang='lat' dir='ltr'>Gaium</span> <span class='ocrx_word' id='word_1_245' title='bbox 1347 2254 1548 2302; x_wconf 86' lang='lat' dir='ltr'>epistolas,</span> 
     </span>
     <span class='ocr_line' id='line_1_31' title="bbox 139 2321 1548 2372; baseline 0.001 -13"><span class='ocrx_word' id='word_1_246' title='bbox 139 2333 237 2370; x_wconf 88' lang='lat' dir='ltr'>quas</span> <span class='ocrx_word' id='word_1_247' title='bbox 279 2325 394 2372; x_wconf 91' lang='lat' dir='ltr'>pauci</span> <span class='ocrx_word' id='word_1_248' title='bbox 435 2324 558 2362; x_wconf 89' lang='lat' dir='ltr'>modo</span> <span class='ocrx_word' id='word_1_249' title='bbox 596 2324 750 2362; x_wconf 89' lang='lat' dir='ltr'>novisse</span> <span class='ocrx_word' id='word_1_250' title='bbox 783 2325 982 2371; x_wconf 89' lang='lat' dir='ltr'>videntur;</span> <span class='ocrx_word' id='word_1_251' title='bbox 1027 2323 1168 2361; x_wconf 90' lang='lat' dir='ltr'>etenim</span> <span class='ocrx_word' id='word_1_252' title='bbox 1202 2334 1250 2359; x_wconf 91' lang='lat' dir='ltr'>ne</span> <span class='ocrx_word' id='word_1_253' title='bbox 1284 2321 1548 2361; x_wconf 90' lang='lat' dir='ltr'>Gracchorum</span> 
     </span>
     <span class='ocr_line' id='line_1_32' title="bbox 138 2390 1548 2441; baseline 0.001 -14"><span class='ocrx_word' id='word_1_254' title='bbox 138 2390 298 2438; x_wconf 89' lang='lat' dir='ltr'>quidem</span> <span class='ocrx_word' id='word_1_255' title='bbox 327 2394 542 2436; x_wconf 89' lang='lat' dir='ltr'>orationes,</span> <span class='ocrx_word' id='word_1_256' title='bbox 580 2405 676 2441; x_wconf 85' lang='lat' dir='ltr'>quas</span> <span class='ocrx_word' id='word_1_257' title='bbox 703 2393 932 2431; x_wconf 88' lang='lat' dir='ltr'>Plutarchus</span> <span class='ocrx_word' id='word_1_258' title='bbox 960 2392 1113 2440; x_wconf 88' lang='lat' dir='ltr'>saepius</span> <span class='ocrx_word' id='word_1_259' title='bbox 1141 2391 1270 2439; x_wconf 70' lang='lat' dir='ltr'>citat,</span> <span class='ocrx_word' id='word_1_260' title='bbox 1290 2393 1548 2439; x_wconf 83' lang='lat' dir='ltr'>usurpaverit,</span> 
     </span>
     <span class='ocr_line' id='line_1_33' title="bbox 137 2459 1549 2512; baseline 0.001 -15"><span class='ocrx_word' id='word_1_261' title='bbox 137 2471 228 2498; x_wconf 88' lang='lat' dir='ltr'>nam</span> <span class='ocrx_word' id='word_1_262' title='bbox 247 2461 350 2500; x_wconf 85' lang='lat' dir='ltr'>nihil</span> <span class='ocrx_word' id='word_1_263' title='bbox 378 2474 530 2506; x_wconf 88' lang='lat' dir='ltr'>eorum,</span> <span class='ocrx_word' id='word_1_264' title='bbox 570 2474 670 2512; x_wconf 89' lang='lat' dir='ltr'>quae</span> <span class='ocrx_word' id='word_1_265' title='bbox 698 2462 761 2501; x_wconf 92' lang='lat' dir='ltr'>ille</span> <span class='ocrx_word' id='word_1_266' title='bbox 789 2474 842 2501; x_wconf 85' lang='lat' dir='ltr'>ex</span> <span class='ocrx_word' id='word_1_267' title='bbox 868 2462 913 2500; x_wconf 90' lang='lat' dir='ltr'>iis</span> <span class='ocrx_word' id='word_1_268' title='bbox 941 2461 1069 2504; x_wconf 84' lang='lat' dir='ltr'>affert,</span> <span class='ocrx_word' id='word_1_269' title='bbox 1099 2460 1204 2510; x_wconf 88' lang='lat' dir='ltr'>apud</span> <span class='ocrx_word' id='word_1_270' title='bbox 1232 2459 1465 2510; x_wconf 87' lang='lat' dir='ltr'>Appianum</span> <span class='ocrx_word' id='word_1_271' title='bbox 1494 2461 1549 2499; x_wconf 91' lang='lat' dir='ltr'>le-</span> 
     </span>
    </p>
   </div>
   <div class='ocr_carea' id='block_1_3' title="bbox 136 2527 1548 2635">
    <p class='ocr_par' dir='ltr' id='par_1_3' title="bbox 136 2527 1548 2635">
     <span class='ocr_line' id='line_1_34' title="bbox 136 2527 1548 2580; baseline 0.001 -14"><span class='ocrx_word' id='word_1_272' title='bbox 136 2527 275 2575; x_wconf 84' lang='lat' dir='ltr'>gimus.</span> <span class='ocrx_word' id='word_1_273' title='bbox 332 2531 512 2580; x_wconf 86' lang='lat' dir='ltr'>Denique</span> <span class='ocrx_word' id='word_1_274' title='bbox 540 2543 618 2568; x_wconf 90' lang='lat' dir='ltr'>non</span> <span class='ocrx_word' id='word_1_275' title='bbox 647 2532 862 2569; x_wconf 81' lang='lat' dir='ltr'>mirandum</span> <span class='ocrx_word' id='word_1_276' title='bbox 891 2536 967 2573; x_wconf 87' lang='lat' dir='ltr'>est,</span> <span class='ocrx_word' id='word_1_277' title='bbox 1012 2529 1118 2578; x_wconf 89' lang='lat' dir='ltr'>quod</span> <span class='ocrx_word' id='word_1_278' title='bbox 1146 2529 1180 2566; x_wconf 90' lang='lat' dir='ltr'>is</span> <span class='ocrx_word' id='word_1_279' title='bbox 1209 2541 1336 2578; x_wconf 81' lang='lat' dir='ltr'>rerum</span> <span class='ocrx_word' id='word_1_280' title='bbox 1367 2530 1548 2579; x_wconf 84' lang='lat' dir='ltr'>scriptor,</span> 
     </span>
     <span class='ocr_line' id='line_1_35' title="bbox 1357 2602 1378 2635; baseline 0 0"><span class='ocrx_word' id='word_1_281' title='bbox 1357 2602 1378 2635; x_wconf 80' lang='lat'><strong>3</strong></span> 
     </span>
    </p>
   </div>
   <div class='ocr_carea' id='block_1_4' title="bbox 0 2901 1771 2968">
    <p class='ocr_par' dir='ltr' id='par_1_4' title="bbox 0 2901 1771 2968">
     <span class='ocr_line' id='line_1_36' title="bbox 0 2901 1771 2968; baseline 0 0"><span class='ocrx_word' id='word_1_282' title='bbox 0 2901 1771 2968; x_wconf 95' lang='lat' dir='ltr'> </span> 
     </span>
    </p>
   </div>
  </div>
 </body>
</html>
