1771 2968
719 255 986 292 ...10—

141 381 229 407 esse
265 370 451 407 colorem.
517 370 588 406 Cui
631 370 693 406 ille
733 370 890 407 minime
919 371 1129 419 respondet
1157 369 1410 418 epistolarum
1440 371 1556 409 fidem

141 438 368 476 labefactari
397 439 528 476 colore
558 440 783 482 recentiore,
814 440 902 488 quia
923 438 1102 477 Cornelia
1130 439 1345 477 doctissimi
1375 441 1558 489 cuiusque

140 509 408 545 Romanorum
440 507 702 546 familiaritate
743 520 813 545 usa
853 509 921 557 (Pl.
946 508 988 546 C.
1012 508 1078 545 Gr.
1107 508 1166 557 19)
1209 509 1311 546 haud
1351 508 1465 547 facile
1503 509 1557 546 in-

140 582 365 627 corruptum
414 578 650 615 conservarit
696 579 955 627 antiquiorem
999 589 1242 625 sermonem3
1300 583 1472 616 ceterum
1520 580 1558 616 in

140 648 314 696 epistolis
354 647 462 696 plura
505 648 633 684 inesse
675 648 903 696 antiquioris
937 648 1123 685 sermonis
1157 648 1328 696 propria.
1387 647 1476 696 Qua
1508 648 1559 685 de

141 730 181 754 re
202 717 294 754 mibi
314 722 454 766 postea
483 716 603 754 fusius
623 716 695 754 erit
714 715 1003 766 disputandum,
1033 717 1119 765 ipse
1147 722 1276 754 autem
1298 716 1558 766 Nipperdeius

141 786 322 823 nonnulla
358 786 469 823 affert
508 786 680 823 maxime
714 786 1026 836 comprobanda:
1084 786 1317 824 Rectissime
1355 793 1559 835 comparat

140 856 257 892 verba
280 856 601 904 ‚perpudescet
625 856 861 893 miscenda
889 862 1025 904 atque
1045 854 1373 903 perturbanda
1401 855 1557 904 repub-

139 925 243 961 lz'ca‘
273 936 360 961 cum
390 938 522 974 ,neque
549 925 628 962 mei
653 937 772 974 neque
799 925 858 962 tui
883 924 987 962 intus
1006 924 1190 973 puditum
1217 930 1278 962 est
1289 924 1431 973 factis,
1459 935 1560 974 quae

136 995 253 1035 facis‘
284 1006 345 1043 ap.
379 995 497 1032 Plaut.
531 995 672 1032 Bacch.
705 994 782 1032 379
828 994 966 1043 (verbo
995 993 1176 1032 absolute
1205 995 1337 1043 posito
1365 993 1558 1032 ablativus

139 1075 215 1112 qua
245 1076 286 1101 re
315 1065 441 1113 pudor
471 1065 661 1103 excitetur
689 1065 948 1112 demonstrat)
981 1069 1021 1102 et
1051 1076 1215 1107 ,eorum
1243 1054 1371 1101 deum
1391 1069 1559 1113 preces

138 1139 363 1182 expetere‘
386 1146 473 1171 cum
496 1136 576 1184 ,qui
587 1141 687 1178 sunt,
716 1135 785 1183 qui
802 1147 827 1171 a
843 1140 1018 1182 patrona
1028 1140 1169 1182 preces
1193 1146 1279 1171 mea
1304 1140 1557 1182 expetessunt‘

139 1216 200 1252 ap.
217 1203 338 1242 Plaut.
356 1204 456 1242 Rud.
475 1204 571 1252 2583
607 1204 657 1242 illi
682 1211 813 1242 autem
840 1189 1049 1242 verborum
1071 1203 1328 1241 coniunctioni
1351 1204 1558 1247 ,omnium

138 1285 311 1317 eorum,
354 1286 465 1322 quos
498 1274 695 1311 antehac
728 1274 871 1311 habui
903 1274 1089 1310 liberos‘
1133 1273 1293 1310 similem
1330 1284 1417 1310 esse
1454 1273 1558 1310 illam

140 1354 202 1391 ap.
234 1342 357 1381 Plaut.
389 1343 500 1382 Curc.
520 1343 599 1382 433
630 1350 686 1387 ‚ut
711 1344 749 1381 ei
774 1343 889 1381 detur
916 1355 1033 1392 quam
1062 1343 1150 1380 istic
1176 1342 1255 1380 emi
1280 1343 1488 1392 virginem‘
1518 1349 1558 1380 et

139 1412 412 1449 Terentianam
432 1413 571 1461 (Andr.
589 1413 629 1461 3)
649 1413 797 1462 ,populo
815 1419 860 1450 ut
866 1413 1071 1461 placerent
1087 1424 1186 1461 quas
1191 1412 1358 1459 fecisset
1361 1412 1555 1460 fabulas‘.

139 1480 353 1519 Enumerat
383 1484 501 1520 etiam
531 1484 737 1526 vocabula,
767 1495 865 1531 quae
895 1482 1091 1520 Ciceronis
1120 1487 1248 1519 aetate
1277 1482 1347 1519 nisi
1377 1495 1400 1519 a
1428 1482 1557 1531 poetis

138 1556 177 1588 et
205 1552 432 1600 antiquariis
461 1565 538 1590 non
568 1553 646 1591 sint
674 1553 819 1602 posita,
865 1557 906 1590 ut
942 1559 1078 1601 atque
1114 1558 1204 1602 post
1233 1552 1555 1602 comparativum,

137 1627 362 1669 quatenus
389 1636 462 1672 pro
490 1625 673 1673 quoniam
703 1623 873 1672 positum
901 1625 1005 1670 (meo
1035 1623 1190 1671 quidem
1213 1623 1353 1660 iudicio
1372 1622 1557 1660 hocloco

139 1703 217 1728 non
245 1692 265 1729 i.
290 1704 324 1740 q.
345 1694 549 1741 quoniam,
579 1695 647 1731 sed
667 1711 718 1726 Ξ
740 1694 777 1730 ἰη
803 1693 875 1730 wie
900 1692 1006 1740 weit3
1036 1691 1084 1730 cs.
1106 1705 1196 1741 pag.
1219 1693 1296 1740 18),
1326 1692 1555 1734 deierare,

136 1768 331 1806 senecta,
363 1769 526 1812 pausa.
583 1764 747 1802 Summo
776 1764 943 1812 denique
971 1763 1050 1800 iure
1078 1763 1269 1801 invehitur
1297 1763 1333 1800 in
1363 1776 1448 1807 eos,
1492 1764 1555 1813 qui

139 1831 447 1880 fragmentorum
477 1835 596 1872 verba
616 1834 893 1872 declamatoria
915 1846 1001 1871 esse
1021 1833 1229 1872 affirmant.
1287 1833 1402 1871 Haud
1431 1834 1555 1871 levem

137 1914 224 1938 esse
263 1914 363 1946 rem,
408 1916 525 1953 quam
568 1905 793 1953 gravissime
837 1908 1036 1941 commota
1079 1909 1203 1940 mater
1244 1904 1391 1940 crimini
1429 1908 1557 1941 vertat

139 1972 239 2010 filio:
287 1978 558 2022 praeterquam
595 1975 659 2023 qui
696 1975 860 2012 alterum
899 1973 1073 2011 necarint
1107 1973 1229 2011 filium
1264 1973 1456 2011 neminem
1485 1974 1554 2011 ini-

139 2043 282 2080 micum
325 2043 400 2081 sibi
442 2049 592 2081 tantum
638 2043 839 2081 molestiae
880 2050 1109 2092 tantumque
1151 2043 1296 2081 laboris
1338 2043 1554 2082 tradidisse.

140 2112 257 2150 Cuius
277 2114 383 2150 modi
415 2112 736 2156 ‚declamationes‘
763 2124 839 2150 non
858 2113 1068 2151 abhorrere
1088 2112 1139 2150 ab
1160 2112 1312 2150 illorum
1333 2119 1553 2162 temporum

139 2183 418 2221 consuetudine
446 2182 620 2225 dicendi,
669 2189 710 2220 ut
741 2182 901 2221 Catonis
935 2184 1108 2220 maxime
1141 2183 1308 2220 doceant
1337 2183 1553 2221 orationum

137 2252 327 2302 reliquiae.
407 2253 620 2291 Universae
667 2264 762 2289 vero
808 2253 993 2290 orationis
1041 2253 1351 2291 conformatione
1399 2252 1555 2290 minime

138 2324 253 2360 anxie
282 2329 432 2360 structa
461 2323 751 2360 evidentissime
770 2324 1026 2360 demonstrari
1048 2334 1123 2360 non
1143 2322 1338 2361 falsarium
1358 2323 1554 2372 quendam

136 2393 407 2441 composuisse
438 2393 641 2441 epistolas,
685 2393 756 2430 sed
796 2398 959 2430 matrem
997 2392 1203 2430 sollicitam
1239 2392 1318 2430 filio
1356 2392 1555 2442 scripsisse

138 2463 350 2500 carissimo.
409 2462 538 2512 Quam
570 2463 622 2500 ob
652 2475 731 2501 rem
761 2463 877 2512 plane
906 2463 1106 2501 consentio
1130 2461 1370 2512 Nipperdeio
1398 2463 1553 2506 dicenti,

136 2534 227 2581 quia
262 2532 313 2569 nil
347 2533 434 2570 insit
463 2534 501 2569 in
529 2533 772 2582 fragmentis,
821 2533 926 2582 quod
956 2545 979 2570 a
1009 2532 1187 2570 Cornelia
1224 2533 1392 2570 alienum
1430 2532 1555 2582 possit

138 2602 269 2645 videri,
300 2602 480 2639 codicum
511 2603 735 2640 testimonio
765 2603 884 2641 fidem
915 2603 1136 2642 habendam
1165 2614 1261 2642 esse.
