2461 3671
1151 818 1411 856 -15—

571 936 732 974 Femina
789 935 934 973 liberali
986 935 1180 983 indignam
1230 947 1318 973 esse
1365 940 1498 972 censet
1544 934 1825 985 arrogantiam,
1881 934 1988 984 quod

572 1006 751 1044 Cornelia
790 1006 1030 1043 carissimum
1066 1005 1186 1043 filium
1224 1006 1428 1056 admonet,
1471 1010 1512 1043 ut
1554 1005 1591 1042 in
1631 1005 1744 1044 rebus
1782 1005 1990 1043 maioribus

572 1077 892 1126 prudentissimae
923 1076 1055 1113 matris
1076 1077 1345 1114 auctoritatem
1369 1077 1568 1126 respiciat3
1599 1076 1702 1113 illam
1724 1088 1814 1113 eum
1846 1076 1988 1118 ,omnia

572 1147 732 1184 consilia
770 1146 929 1195 publica
965 1146 1145 1183 omittere
1181 1147 1326 1184 iubere‘
1366 1159 1417 1183 ex
1455 1146 1684 1194 fragmentis
1721 1145 1826 1183 nullo
1868 1144 1989 1182 modo

573 1220 705 1265 potest
752 1215 890 1265 colligi.
960 1215 1169 1265 Nunquam
1217 1221 1348 1255 autem
1395 1216 1659 1255 intellecturus
1706 1228 1792 1254 esse
1839 1215 1991 1254 videtur

573 1286 796 1335 Soergelius
813 1286 1044 1334 Corneliam,
1072 1299 1159 1324 cum
1178 1286 1320 1325 Gaium
1341 1300 1389 1325 ne
1407 1287 1644 1325 tribunatum
1666 1292 1776 1336 petat
1791 1287 1989 1329 admonet,

573 1368 650 1393 non
680 1362 760 1393 tam
791 1369 901 1394 suam
931 1362 1112 1407 spectare
1140 1357 1463 1396 commoditatem
1497 1370 1616 1408 quam
1651 1357 1719 1396 filii
1754 1357 1922 1395 salutem
1951 1360 1992 1394 et

573 1427 822 1475 reipublicae.
881 1428 1114 1465 Rectissime
1150 1428 1213 1465 ille
1246 1428 1378 1471 matri,
1421 1430 1452 1465 si
1491 1428 1557 1466 filii
1596 1428 1762 1466 consiliis
1796 1426 1991 1464 adversari

573 1495 706 1538 voluit,
737 1508 783 1533 ea
810 1497 959 1546 patriae
987 1497 1059 1546 ipsi
1088 1497 1228 1534 infesta
1252 1509 1337 1535 esse
1361 1497 1709 1536 demonstrandum
1735 1496 1850 1535 fuisse
1879 1495 1991 1543 dicit;

574 1567 670 1603 haec
698 1570 928 1614 argumenta
956 1567 1064 1615 quod
1092 1568 1287 1605 desiderat
1314 1580 1393 1605 non
1422 1568 1551 1611 miror,
1581 1568 1724 1617 quippe
1744 1568 1821 1616 qui,
1852 1567 1990 1604 utiam

574 1648 691 1684 supra
720 1635 812 1677 dixi,
842 1635 932 1672 illud
962 1636 1169 1684 neglegere
1198 1637 1384 1680 videatur,
1419 1638 1525 1686 quod
1555 1637 1810 1685 epistolarum
1838 1648 1910 1673 nos
1939 1635 1991 1672 nil

574 1705 644 1741 nisi
695 1703 914 1753 fragmenta
963 1704 1165 1745 habemus.
1243 1706 1421 1756 Denique
1468 1706 1537 1744 illis
1584 1718 1740 1756 quoque
1787 1705 1994 1744 offenditur

575 1775 714 1818 verbis,
745 1775 886 1824 quibus
914 1775 989 1813 iam
1020 1775 1222 1825 Langeus,
1266 1783 1365 1827 ,per
1392 1790 1458 1815 me
1472 1777 1631 1826 facito
1658 1777 1779 1827 quod
1803 1775 1992 1818 lube-bit,

575 1858 670 1883 cum
698 1857 778 1894 ego
806 1858 890 1883 non
917 1846 1156 1898 sentz‘am‘;
1197 1847 1246 1884 de
1274 1847 1334 1885 his
1363 1847 1539 1885 conferas
1567 1859 1713 1896 quaeso
1741 1859 1831 1896 pag.
1852 1847 1887 1885 9.

684 1914 829 1952 Omnia
856 1926 951 1953 vero
981 1916 1236 1964 epistolarum
1265 1917 1385 1954 verba
1413 1916 1676 1966 percensenda
1702 1922 1819 1965 atque
1847 1915 1992 1965 impro-

575 1985 704 2022 banda
733 1996 821 2022 esse
849 1985 1028 2022 videntur
1048 1985 1267 2034 Soergeli0;
1299 1986 1374 2024 iam
1404 1986 1594 2024 invehitur
1622 1986 1660 2023 in
1688 1985 1754 2023 illa
1782 1985 1996 2034 ,denique

574 2067 687 2102 quae
719 2061 874 2103 pausa
915 2055 1038 2093 erz't‘.
1097 2054 1210 2092 Certe
1244 2055 1362 2093 Gaius
1406 2056 1588 2099 ,nondum
1628 2055 1814 2105 co'eperat
1841 2053 1995 2104 publice

575 2131 719 2172 agere‘,
763 2124 832 2161 sed
875 2124 951 2161 hoe
994 2124 1099 2182 loco·
1124 2124 1294 2163 familiae
1329 2127 1352 2165 i.
1383 2139 1414 2164 e.
1456 2126 1656 2175 utriusque
1699 2125 1764 2163 filii
1806 2125 1994 2162 insaniam

576 2195 750 2243 queritur
781 2193 958 2231 Cornelia
986 2193 1050 2242 (cf.
1082 2195 1199 2232 verba
1228 2208 1328 2244 quae
1357 2197 1599 2245 sequuntur),
1628 2206 1728 2244 quae
1756 2194 1832 2232 iam
1862 2194 1992 2232 Tiberi

575 2265 804 2313 gravissime
833 2264 974 2302 afflicta
1011 2270 1073 2302 est
1111 2264 1222 2303 factis
1262 2266 1439 2315 satisque.
1498 2265 1622 2303 Multo
1660 2270 1790 2303 autem
1831 2263 1996 2313 ineptius

576 2335 781 2382 impugnat
809 2334 883 2377 illa,
915 2346 1015 2383 quae
1034 2335 1110 2371 iam
1130 2342 1365 2384 sequuntur:
1397 2336 1434 2373 in
1464 2335 1523 2372 his
1555 2336 1717 2372 miratur
1747 2333 1839 2371 nihil
1868 2333 1996 2371 inesse

578 2403 829 2452 gradationis,
859 2404 1093 2442 antecedere
1114 2405 1305 2452 graviora,
1337 2405 1485 2442 minora
1513 2404 1634 2453 sequi.
1692 2403 1851 2440 Minime
1879 2402 1996 2451 igitur

578 2473 772 2510 rhetorice
801 2473 854 2510 illi
884 2473 1136 2523 epistolarum
1166 2475 1286 2512 verba
1306 2474 1411 2512 dicta
1430 2486 1516 2512 esse
1535 2474 1731 2521 videntum
1771 2484 1848 2522 qua
1876 2484 1927 2509 ex
1956 2484 1997 2508 re

577 2543 673 2579 alius
693 2541 861 2580 fortasse
880 2544 937 2579 vir
954 2543 1080 2580 minus
1100 2545 1241 2581 doctus
1261 2557 1327 2582 eas
1347 2557 1370 2582 a
1390 2544 1545 2582 falsario
1565 2543 1736 2592 quodam
1753 2542 1997 2591 compositas

578 2623 676 2649 non
719 2623 806 2648 esse
848 2612 1036 2651 coniciatl
1112 2612 1265 2650 Deinde
1312 2612 1553 2650 intolerabile
1595 2624 1681 2649 esse
1723 2615 1857 2649 censet
1900 2610 1996 2647 illud

581 2680 831 2730 ,ecquando
886 2680 1068 2718 desinet
1110 2680 1314 2731 familia
1368 2687 1530 2719 nostra
1586 2680 1833 2718 insanire‘:
1902 2691 1999 2717 unus

579 2749 769 2793 Tiberius,
799 2750 934 2799 inquit,
964 2751 1176 2788 certamina
1196 2750 1352 2800 publica
1372 2750 1465 2793 iniit,
1495 2750 1527 2787 is
1556 2756 1687 2787 autem
1717 2749 1822 2786 solus
1852 2747 1999 2786 familia

579 2820 655 2857 dici
694 2820 815 2857 mullo
856 2821 977 2858 modo
1020 2824 1165 2869 potest.
1225 2819 1427 2868 Concedo;
1484 2824 1526 2857 at
1568 2827 1691 2856 mater
1731 2818 1879 2856 sciebat
1920 2830 1999 2855 non

579 2890 767 2927 minorem
799 2902 886 2927 esse
914 2890 1102 2927 insaniam
1128 2890 1167 2926 in
1189 2889 1300 2932 Gaio,
1331 2889 1477 2938 quippe
1506 2890 1582 2938 qui,
1613 2894 1655 2926 ut
1682 2888 1810 2926 fratris
1838 2888 1999 2926 consilia

580 2963 853 3008 persequatur,
898 2960 976 2996 iarn
1014 2959 1205 3007 petiturus
1243 2958 1358 2996 suerit
1395 2959 1644 2996 tribunatum.
1703 2957 1832 2995 Acute
1869 2961 2000 2994 autem

579 3029 639 3066 ille
673 3051 725 3056 —
761 3029 844 3077 ipse
881 3029 1038 3077 quidem
1075 3030 1247 3078 loquitur
1285 3028 1482 3078 εἰρωνικῶς
1510 3051 1562 3056 -
1590 3028 1708 3065 verba
1752 3026 2001 3076 ,ecquando

580 3098 841 3136 desinemus
860 3104 904 3135 et
919 3098 1138 3136 babentes
1156 3098 1489 3147 etpraebentes
1508 3097 1741 3135 molestiis
1759 3097 1999 3133 z'nsz'stere‘

581 3179 633 3204 ex
667 3166 822 3204 Graeco
862 3167 1098 3216 deprompta
1137 3179 1223 3205 esse
1262 3179 1441 3205 sermone
1478 3167 1641 3219 (ἔχοντες
1668 3167 1734 3205 καὶ
1761 3163 2003 3217 παρέχοντες)
