1771 2968
738 172 1000 211 -27-

161 292 286 330 vitae
312 294 551 338 superes-tf
606 288 746 327 Nonne
774 289 871 325 haec
898 287 1190 325 commiseratio
1218 288 1269 325 ab
1297 288 1437 325 eodem
1466 287 1572 326 facta

162 370 249 398 esse
286 358 436 397 videtur
468 362 586 406 atque
614 355 703 394 illa?
758 356 848 394 Non
875 355 928 394 ab
956 356 1115 398 eodem,
1156 355 1226 393 sed
1255 368 1278 391 a
1308 360 1433 393 matre
1460 356 1571 398 illius,

162 440 278 478 que-m
309 428 346 465 in
374 439 556 466 sermone
585 426 719 465 matris
747 426 954 463 educatum
983 437 1069 463 esse
1090 424 1225 464 Cicero
1253 425 1375 473 (Brut.
1396 425 1461 468 58,
1481 425 1574 473 211)

160 496 358 546 perhibet!
414 494 599 534 Offensus
634 500 694 533 est
721 495 859 544 aliquis
886 494 1134 543 epistolarum
1165 493 1257 532 fidei
1286 494 1572 531 adversantium

161 579 221 610 eo,
251 566 357 616 quod
381 566 420 603 in
449 565 494 603 iis
522 565 625 604 idem
644 564 910 614 compluribus
937 564 1075 602 dicitur
1093 564 1269 607 vocibus,
1298 565 1446 614 quippe
1464 564 1573 613 quod

161 635 370 675 abhorreat
403 647 427 672 a
455 640 579 673 matre
619 633 662 672 C.
695 634 861 672 Gracchi
896 634 1087 672 sermonis
1122 634 1317 683 elegantia
1350 633 1570 671 clarissimi:

160 705 210 743 cf.
231 705 296 743 filii
322 704 441 743 verba
470 716 530 747 ,ne
549 716 572 742 a
591 705 711 752 stirpe
738 716 860 752 genus
888 709 1063 742 nostrum
1084 704 1264 746 interiret,
1295 708 1335 741 et
1363 703 1418 741 uti
1446 703 1574 752 aliqua

160 785 339 824 propago
366 773 519 821 generis
547 774 669 811 nostri
698 773 844 822 reliqua
870 773 1008 810 esset‘l
1065 773 1117 810 Et
1145 773 1183 809 in
1211 773 1345 810 matris
1373 779 1413 810 et
1440 773 1479 810 in
1506 772 1573 810 filii

160 855 353 885 sermone,
383 848 426 880 ut
444 843 495 882 de
512 843 720 881 amborum
740 842 957 881 elocutione
985 842 1176 880 simillima
1205 842 1375 880 breviter
1393 843 1572 885 iudicem,

161 913 279 952 verba
307 918 534 962 premuntur
563 913 689 952 verbis
717 913 782 956 ita,
812 918 855 950 ut
879 917 1011 951 aestus
1041 913 1222 950 maritimi
1240 913 1360 950 instar
1379 912 1573 962 posterior

160 982 299 1022 fluctus
328 988 496 1031 occupet
524 983 711 1031 priorem;
741 995 819 1031 quo
848 982 910 1025 fit,
950 988 993 1020 ut
1026 983 1365 1020 vehementissime
1399 994 1569 1020 commo-

159 1056 323 1091 veantur
350 1052 464 1091 animi
494 1052 617 1091 nostri
646 1052 845 1101 utriusque
870 1051 1057 1091 oratione.
1138 1045 1142 1049 ’

267 1122 426 1162 Minime
446 1134 538 1160 vero
559 1123 866 1170 fragmentorum
891 1123 1010 1161 verba
1029 1123 1240 1160 abhorrent
1259 1135 1282 1159 a
1302 1122 1570 1161 Gracchorum

160 1191 416 1241 temporibus,
446 1191 659 1229 abhorrent
685 1204 709 1229 a
736 1203 917 1229 sermone
936 1191 1146 1240 Nepotis,
1204 1192 1388 1239 Meyerus
1415 1191 1571 1240 quidem

160 1267 289 1300 utrum
326 1261 431 1298 illum
459 1262 587 1310 ipsum
615 1267 773 1299 censeat
801 1261 1064 1300 fraudulenter
1092 1262 1358 1310 composuisse
1387 1261 1572 1310 epistolas

160 1344 210 1370 an
238 1331 495 1379 posteriorum
524 1330 693 1379 aliquem
723 1331 957 1379 scriptorum
987 1342 1065 1368 non
1092 1331 1207 1380 plane
1236 1330 1438 1379 intellego,
1467 1335 1573 1367 certe

159 1401 354 1449 Nepotem
384 1400 512 1449 ipsum
540 1412 626 1438 esse
653 1400 849 1439 falsarium
888 1401 963 1438 iam
994 1413 1081 1438 eam
1111 1401 1163 1437 ob
1191 1412 1347 1439 causam
1378 1412 1574 1437 nonnemo

160 1469 466 1518 fragmentorum
503 1468 621 1507 fidem
658 1468 971 1517 impugnantium
1009 1470 1214 1508 crediderit
1250 1476 1420 1512 temere,
1467 1469 1572 1518 quod

160 1540 240 1577 eius
281 1540 320 1579 in
363 1540 470 1578 libris
512 1539 579 1578 illa
620 1540 834 1578 traduntur.
890 1540 1004 1578 Hanc
1045 1540 1268 1589 opinionem
1312 1539 1449 1577 salsam
1486 1551 1573 1577 esse

159 1609 451 1650 demonstrabo.

267 1682 348 1718 Iam
370 1682 547 1718 universa
575 1681 702 1719 oratio
719 1681 818 1718 illius
841 1681 1011 1719 maxime
1039 1682 1166 1719 aliena
1193 1686 1254 1720 est
1280 1694 1303 1718 a
1323 1681 1571 1729 fragmentis:

158 1751 197 1788 in
217 1750 276 1789 his
296 1761 517 1799 cognoscas
535 1750 663 1789 inesse
683 1762 866 1798 magnam
881 1750 1039 1788 dicendi
1067 1750 1304 1799 diligentiam
1333 1751 1572 1800 nimiamque

159 1819 240 1858 fere
266 1821 422 1868 copiam
452 1826 569 1868 atque
587 1821 920 1868 perspicuitatem,
949 1820 1047 1857 illius
1067 1826 1197 1858 autem
1211 1821 1255 1857 ‚in
1273 1821 1427 1869 scriptis
1447 1821 1572 1869 negle-

158 1889 331 1937 gentiam
372 1889 568 1940 quandam
612 1894 732 1939 atque
771 1890 1000 1929 tenuitatem
1043 1890 1289 1939 studiumque
1326 1889 1492 1928 breviter
1520 1890 1570 1928 lo·

159 1961 310 2008 quendi.
358 1961 478 2000 Velut
505 1961 565 1998 ille
605 1973 724 2009 saepe
758 1973 920 1999 numero
955 1961 1102 1999 omittit
1137 1973 1353 2010 pronomen
1392 1961 1570 1998 determi-

159 2029 351 2076 nativum;
386 2029 564 2069 conferas
597 2042 744 2080 quaeso
773 2042 862 2068 cum
892 2029 1094 2069 Corneliae
1122 2030 1250 2069 verbis
1283 2030 1428 2080 ,utiquc
1454 2041 1572 2080 quae·

157 2112 303 2150 cunque
343 2114 483 2150 ageres
522 2115 574 2139 ea
614 2102 732 2140 velles
758 2124 810 2130 —
845 2109 909 2130 -‘
939 2102 1104 2151 Nepotis
1145 2101 1278 2150 (Dion.
1306 2101 1343 2144 9,
1364 2101 1404 2149 5)
1441 2113 1571 2150 ,quam

158 2169 278 2207 invisa
316 2171 367 2210 sit
395 2171 598 2219 singularis
626 2171 803 2226 potentia
830 2176 870 2209 et
899 2171 1115 2209 miseranda
1143 2171 1244 2213 vita,
1287 2170 1352 2218 qui
1380 2182 1423 2207 se
1452 2171 1572 2208 metui
1593 2158 1602 2166 ’

158 2252 276 2289 quam
305 2241 426 2279 amari
456 2240 627 2285 malunt‘,
658 2241 721 2279 ubi
751 2241 953 2290 genitivus,
983 2242 1044 2279 vel
1063 2241 1219 2289 (Timol.
1248 2241 1283 2283 2,
1304 2241 1346 2288 4)
1373 2241 1417 2284 ,si
1437 2241 1573 2278 liceret

158 2309 335 2348 Africam
364 2311 551 2353 obtinere,
595 2311 660 2359 qui
700 2311 779 2350 iam
817 2311 1036 2360 complures
1076 2322 1198 2348 annos
1217 2332 1270 2338 -
1289 2333 1341 2338 —
1361 2310 1573 2360 tenebant‘,

158 2379 222 2417 ubi
256 2381 412 2420 dativus
446 2380 569 2423 deest,
599 2385 643 2418 ut
670 2381 722 2419 nil
750 2381 879 2420 dicam
908 2383 957 2420 de
985 2380 1186 2430 permultis
1214 2381 1321 2424 locis,
1352 2379 1419 2418 ubi
1447 2381 1574 2418 nomi-

158 2450 332 2488 nativum
358 2451 420 2488 vel
439 2451 703 2488 accusativum
724 2452 911 2488 omissum
940 2462 1027 2488 esse
1045 2450 1176 2487 videas
1203 2451 1298 2498 (Ag.
1320 2451 1357 2493 3,
1379 2452 1424 2496 2;
1456 2451 1571 2488 Eum.

158 2517 196 2561 9,
211 2518 256 2565 4;
278 2519 421 2559 Chabr.
442 2519 481 2562 4,
500 2520 542 2566 l;
564 2519 658 2559 Dat.
676 2519 714 2563 4,
736 2520 784 2568 23
814 2520 852 2563 5,
878 2521 895 2558 1
917 2521 1002 2568 sq).
1058 2519 1268 2567 Nunquam
1289 2532 1382 2558 vero
1402 2521 1574 2558 invenias
