1771 2968
801 195 1063 233 -11-

308 313 397 362 Qua
426 311 649 360 Nipperdeii
682 303 945 359 disputatione
975 308 1213 356 Soergelius,
1259 309 1313 346 vir
1352 309 1610 353 doctissimus,

202 396 279 421 non
306 381 553 420 mediocriter
580 384 803 416 commotus
822 382 893 427 est,
922 383 964 415 ut
991 378 1075 427 ipse
1101 377 1307 427 profitetur
1334 377 1370 415 in
1399 377 1467 416 illo
1495 391 1611 427 quem

202 464 321 502 supra
346 450 429 488 dixi
456 450 569 491 libro,
617 448 774 485 minime
803 453 932 485 autem
961 448 1043 485 eius
1072 447 1302 490 rationibus,
1345 460 1444 497 quas
1473 460 1610 486 omnes

202 534 322 560 vanas
333 533 421 559 esse
433 524 556 569 putat,
571 519 653 562 ,sed
669 530 821 556 summa
831 518 913 555 eius
925 516 1066 555 fiducia
1077 518 1364 567 verborumque
1375 517 1610 567 asperitate‘.

203 590 356 628 Etenim
386 590 513 626 minus
539 601 591 625 ex
619 588 746 625 verbis
766 599 882 635 quam
901 599 952 624 ex
971 588 1086 624 rebus
1111 588 1400 625 evidentissime
1418 588 1613 636 promittit

203 673 245 698 se
271 661 625 697 demonstraturum
655 657 841 706 epistolas
869 656 974 693 nullo
1004 658 1122 694 modo
1151 670 1173 693 a
1200 656 1378 694 Cornelia
1406 669 1496 695 esse
1522 670 1613 706 pro·

203 730 336 766 sectas.
394 727 483 776 Qua
518 726 830 776 pronuntiatione
864 725 1115 763 vehementer
1147 726 1341 774 perculsus
1369 739 1474 764 sum:
1531 727 1612 764 sinc

204 798 279 836 ulla
319 808 392 845 spe
434 796 569 834 salutis
608 791 749 833 misera
788 796 852 832 illa
890 795 1097 832 censebam
1127 795 1347 843 fragmenta
1375 797 1414 832 in
1453 796 1612 833 nihilum

203 879 288 905 esse
331 867 497 903 reditura
568 865 714 902 Totam
756 863 905 914 perlegi
943 864 1340 912 argumentationem:
1397 869 1481 902 tum
1519 877 1612 902 vero

202 936 293 973 mihi
330 935 436 972 omni
472 935 716 972 dubitatione
753 939 886 971 amota
922 945 1150 982 persuasum
1187 940 1270 971 erat
1304 934 1366 971 illa
1395 934 1612 983 fragmenta

203 1005 465 1044 Gracchorum
487 1004 598 1042 matri
619 1016 696 1041 non
716 1016 801 1041 esse
820 1002 1058 1052 abroganda,
1094 1004 1239 1053 quippe
1267 1016 1366 1053 quae
1395 1016 1442 1041 ne
1461 1017 1613 1041 summa

202 1075 361 1125 quidem
390 1075 636 1124 improbandi
665 1074 878 1123 cupiditate
907 1072 1132 1110 labefactari
1162 1075 1327 1122 possint.

310 1145 483 1182 Externa
519 1144 828 1193 fragmentorum
875 1144 1037 1180 historia
1074 1143 1174 1180 bene
1216 1145 1361 1181 omissa
1401 1143 1613 1182 rectissime

202 1215 264 1252 ille
304 1214 488 1264 epistolas
522 1215 573 1251 ab
607 1214 694 1263 ipso
722 1212 880 1261 Nepote
915 1212 1190 1250 historicorum
1228 1226 1338 1251 more
1373 1215 1613 1263 compositas

201 1291 269 1323 aut
297 1283 555 1322 fraudulenter
583 1283 634 1321 ab
662 1282 738 1320 alio
766 1281 958 1320 confictas
991 1282 1041 1319 ab
1081 1281 1145 1319 illo
1174 1294 1245 1332 pro
1273 1283 1447 1332 genuinis
1476 1283 1614 1322 relatas

203 1365 287 1391 esse
315 1366 432 1402 posse
460 1359 597 1401 negat,
640 1353 731 1401 quia
766 1351 817 1388 illi
852 1351 1068 1399 refragetur
1105 1352 1276 1400 opinioni
1306 1353 1612 1401 fragmentorum

203 1425 347 1467 oratio,
391 1423 479 1460 huic
509 1422 705 1461 Ciceronis
734 1421 997 1460 testimonium
1027 1421 1130 1459 Brut.
1153 1421 1217 1465 58,
1247 1422 1320 1461 211
1360 1422 1423 1471 (cf.
1446 1435 1537 1472 pag.
1556 1423 1613 1471 5);

202 1495 334 1542 itaque
375 1505 421 1531 ea
461 1505 484 1530 a
527 1492 682 1529 falsario
723 1492 895 1541 quodam
931 1492 1098 1540 Nepotis
1141 1492 1294 1541 scriptis
1342 1494 1485 1530 inserta
1528 1505 1614 1530 esse

203 1576 400 1613 apparere.
459 1563 560 1600 Nam
589 1575 611 1600 a
641 1562 815 1601 Cornelia
843 1562 956 1600 scribi
986 1574 1064 1600 non
1092 1563 1284 1612 potuisse,
1328 1563 1471 1613 quippe
1511 1576 1614 1612 quae

203 1634 253 1670 ab
272 1633 428 1680 ingenio
454 1633 702 1680 moribusque
721 1632 801 1668 eius
821 1634 961 1668 mirum
981 1637 1168 1680 quantum
1188 1633 1432 1670 abhorreant.
1483 1632 1613 1681 Quam

203 1703 467 1741 diversitatem
497 1701 580 1739 susc
608 1702 762 1750 lateque
791 1706 955 1747 tractat3
1013 1702 1082 1739 sed
1111 1702 1193 1739 aliis
1223 1714 1377 1751 quoque
1406 1702 1612 1740 offenditur

204 1773 329 1816 rebus,
360 1784 458 1821 quae
488 1772 600 1809 nobis
628 1777 743 1809 antea
771 1772 1008 1821 spectandae
1036 1776 1135 1809 sunt.

313 1842 377 1880 Ac
404 1842 572 1891 primum
602 1842 761 1890 quidem
789 1846 1092 1880 consentaneum
1122 1854 1200 1879 non
1228 1854 1314 1879 esse
1341 1849 1475 1880 censet
1503 1842 1613 1881 Socr-

202 1911 326 1961 gelius
355 1924 441 1949 eam
471 1916 647 1955 matrem,
677 1924 779 1960 quae
807 1911 871 1954 ita,
902 1917 944 1949 ut
972 1912 1009 1949 in
1037 1911 1097 1949 his
1127 1911 1303 1961 epistolis
1332 1912 1521 1961 legamus,
1563 1913 1614 1950 ad

203 1982 324 2021 filium
343 1982 550 2032 scripserit,
579 1988 718 2031 postea
746 1982 958 2031 repudiatis
987 1982 1166 2020 omnibus
1186 1983 1366 2031 precibus
1386 1983 1463 2020 suis
1482 1989 1613 2021 tamen

203 2053 304 2090 adeo
333 2052 537 2090 coniuncte
566 2064 654 2089 cum
684 2064 734 2089 eo
761 2052 923 2095 vixisse,
966 2058 1009 2089 ut
1037 2052 1074 2089 in
1104 2052 1227 2089 multo
1255 2052 1400 2089 leviore
1428 2065 1545 2090 causa
1571 2065 1614 2089 se

203 2123 374 2160 animum
421 2123 503 2160 eius
550 2121 790 2171 placaturam
837 2127 1029 2171 speraret,
1085 2121 1204 2159 filium
1252 2129 1383 2159 autem
1425 2135 1453 2171 a·
1490 2128 1614 2160 matre

203 2192 453 2230 acerbissime
490 2192 716 2229 damnatum
755 2191 787 2229 ei
823 2191 965 2240 aliquid
999 2191 1259 2239 gratificatum
1297 2203 1394 2230 esse.
1453 2191 1615 2241 Scripsit

203 2263 306 2300 enim
335 2262 561 2300 Plutarchus
589 2261 646 2311 (C.
671 2261 735 2300 Gr.
758 2261 797 2312 4)
827 2260 967 2299 Gaium
998 2261 1131 2299 matris
1160 2262 1338 2311 precibus
1372 2267 1614 2300 commotum

203 2343 409 2370 revocasse
438 2332 543 2368 illam
572 2333 758 2369 adversus
787 2330 995 2368 Octavium
1023 2331 1141 2368 latam
1172 2332 1418 2380 rogationem
1455 2334 1520 2380 (ne
1547 2333 1614 2375 illi,

204 2402 265 2439 cui
309 2401 420 2451 plebs
459 2401 688 2450 abrogasset
726 2401 979 2443 tribunatum,
1027 2400 1190 2439 alterum
1233 2401 1369 2439 liceret
1410 2413 1615 2451 capessere

203 2474 367 2520 munus).
423 2471 540 2520 Quod
571 2471 782 2514 ‚leviorem‘
811 2470 930 2508 fuisse
956 2483 1112 2508 causam
1142 2483 1267 2520 nego:
1308 2484 1384 2509 non
1422 2472 1616 2521 agebatur

203 2541 268 2580 filii
306 2541 396 2586 vita,
453 2541 641 2591 agebatur
679 2541 813 2579 honor.
869 2540 1104 2579 Rectissime
1142 2542 1218 2579 iam
1258 2542 1539 2580 Mommsenius
1577 2542 1612 2579 in
