1771 2968
718 189 985 226 —31-

141 309 380 350 commiserit
412 318 557 353 necne;
600 316 727 354 neque
760 305 864 342 enim
892 305 1072 353 Meyerus
1100 305 1138 343 id
1167 305 1315 342 crimini
1343 305 1413 343 dat
1441 308 1553 344 matri

142 378 420 417 Gracchorum.
470 375 550 413 Sed
569 375 671 412 illam
690 386 837 423 genero
857 375 985 412 illatae
1004 375 1138 412 caedis
1166 387 1272 411 ream
1301 387 1387 412 esse
1407 375 1551 413 factam

141 447 273 498 negari
308 458 385 484 non
424 449 572 495 potest:
618 443 732 482 nobis
768 444 885 493 igitur
912 444 1009 482 haec
1037 444 1206 494 suspicio
1235 456 1354 494 quam
1383 457 1461 483 non
1492 457 1550 483 re·

141 520 314 568 fragetur
340 516 431 554 fidei
460 516 766 564 fragmentorum
795 516 1138 554 demonstrandum
1168 515 1228 556 sit.
1286 515 1329 553 In
1359 516 1460 553 hanc
1487 516 1551 553 ad-

141 589 293 627 ducitur
321 586 383 624 illa
408 587 672 635 suspicionem
700 586 751 624 ab
772 587 958 635 Appiano
978 586 1015 625 b.
1037 599 1070 626 c.
1091 587 1108 623 I
1128 586 1191 629 20.
1221 586 1401 634 Meyerus
1420 591 1551 623 autem

142 657 339 697 Ciceronis
372 668 530 705 quoque
562 656 627 705 (de
656 669 734 706 rep.
757 657 827 701 VI,
855 658 918 706 12)
954 658 1073 695 utitur
1099 657 1247 703 verbis,
1290 656 1362 694 etsi
1394 656 1453 693 his
1481 656 1551 693 mi-

141 739 273 766 norem
301 727 436 766 tribuit
463 727 553 766 vim.
611 727 722 764 Haec
750 727 855 776 prius
884 729 1195 777 contemplemur
1222 727 1389 767 leviora!

248 798 385 837 Cicero
425 798 584 847 quidem
628 798 665 835 in
706 797 1016 847 praeclarissimo
1059 798 1128 836 illo
1168 798 1323 836 somnio
1359 797 1552 846 Scipionis

141 868 369 908 Africanum
405 869 591 908 maiorem
630 869 727 907 haec
765 870 957 909 dicentem
999 869 1107 908 facit:
1167 892 1233 913 ‚--
1259 870 1329 907 sed
1361 881 1449 907 cum
1478 870 1553 907 eris

141 951 253 978 curru
291 939 327 976 in
359 938 593 988 Capitolium
628 940 802 978 invectus
817 969 825 984 ,
869 941 1044 978 offendes
1072 941 1352 991 rempublicam
1382 938 1552 977 consiliis

140 1009 408 1057 perturbatam
429 1011 585 1058 nepotis
604 1010 691 1048 mei.
741 1011 816 1049 Hic
835 1017 889 1055 tu,
920 1011 1116 1055 Africane,
1147 1013 1333 1050 ostendas
1352 1011 1551 1060 oportebit

140 1078 270 1115 lumen
288 1078 415 1126 animi,
444 1079 583 1127 ingenii
603 1081 829 1129 consiliique
848 1082 911 1121 tui.
942 1105 993 1109 —
1012 1104 1064 1109 —
1083 1082 1252 1119 dictator
1270 1081 1550 1131 rempublicam

139 1148 351 1185 constituas
399 1154 574 1197 oportet,
627 1151 666 1187 si
713 1151 896 1199 impias
942 1152 1331 1200 propinquorum
1378 1162 1550 1188 manus

140 1217 399 1266 effugeris!
446 1218 510 1255 Ac
530 1218 709 1267 profecto
730 1219 925 1258 Ciceronis
953 1233 1031 1259 non
1059 1221 1347 1269 neglegendum
1375 1221 1425 1258 sit
1443 1219 1551 1257 testi-

140 1287 330 1334 monium,
373 1288 518 1337 quippe
559 1289 623 1337 qui
666 1289 764 1326 bene
802 1292 1042 1339 perspexerit
1079 1290 1144 1327 illa
1177 1296 1356 1340 tempora
1390 1301 1467 1327 non
1496 1290 1550 1327 ita

140 1362 289 1394 remota
317 1357 475 1394 minime
494 1357 690 1396 studiosus
709 1359 875 1407 partium
897 1359 1161 1398 Gracchorum
1181 1360 1245 1408 (cs.
1264 1361 1315 1397 de
1329 1373 1409 1408 rep.
1427 1360 1455 1402 1,
1475 1360 1549 1407 19).

140 1425 195 1462 At
234 1426 436 1474 quomodo
476 1439 527 1463 ex
564 1427 693 1464 verbis
731 1428 885 1477 ,impiae
925 1429 1231 1478 propinquorum
1270 1435 1420 1467 manus‘
1461 1427 1551 1465 Cor·

139 1494 275 1533 neli'am
297 1495 548 1534 confirmetur
566 1496 663 1534 illius
692 1497 847 1536 sceleris
866 1497 986 1536 fuisse
1003 1498 1232 1548 participem
1253 1511 1332 1535 non
1351 1497 1548 1546 intellego.

139 1563 254 1602 Certe
273 1565 372 1602 inter
392 1566 636 1615 propinquos
654 1566 720 1604 illa
743 1579 898 1616 quoque
926 1569 1163 1605 numeranda
1190 1573 1262 1611 est,
1291 1568 1360 1606 sed
1388 1566 1551 1616 propior

138 1633 251 1671 suerit
280 1634 452 1683 Scipioni
485 1635 560 1672 alia
589 1634 723 1673 mulier
749 1649 773 1673 a
801 1637 1064 1685 compluribus
1093 1649 1158 1674 rea
1186 1636 1292 1675 facta
1320 1638 1401 1674 eius
1429 1637 1547 1681 necis,

138 1701 370 1751 Sempronia
390 1716 511 1742 uxor:
560 1703 693 1742 Schol.
724 1705 820 1742 Bob.
841 1717 915 1754 pro
934 1705 1001 1742 Mil
1034 1718 1071 1754 p.
1094 1707 1195 1744 255:
1226 1728 1292 1749 ,—-
1310 1707 1548 1754 interceptus

138 1775 210 1813 est,
240 1784 318 1809 non
347 1773 430 1812 sine
457 1773 614 1810 infamia
643 1779 683 1810 et
711 1774 829 1822 ipsius
857 1773 899 1812 C.
922 1774 1089 1812 Gracchi
1109 1780 1149 1812 et
1167 1776 1299 1813 uxoris
1324 1788 1416 1813 suae
1437 1774 1547 1813 Sem-

137 1840 327 1887 proniae‘;
375 1840 538 1879 Orosius
557 1841 605 1879 V.
630 1842 690 1880 10.
712 1843 754 1881 9:
799 1843 912 1886 ‚hunc
948 1843 1106 1892 quidam
1142 1844 1276 1882 uxoris
1309 1856 1407 1881 suae
1440 1843 1545 1882 Sem-

137 1909 313 1955 proniae,
360 1909 626 1949 Gracchorum
662 1917 793 1950 autem
830 1913 994 1961 sororis,
1038 1912 1131 1950 dolo
1168 1918 1348 1951 necatum
1382 1913 1545 1959 femnt‘;

136 1977 220 2018 Liv.
250 1980 340 2029 epit.
370 1980 485 2022 LIX:
527 1986 720 2031 ,suspecta
739 1982 831 2027 fuit,
862 1989 1061 2033 tamquam
1091 1983 1125 2021 ei
1154 1995 1343 2022 venenum
1361 1983 1545 2027 dedisset,

138 2047 369 2098 Sempronia
398 2058 528 2097 uxor‘;
569 2051 742 2100 Appiani
775 2054 895 2091 verba
922 2054 972 2102 (b.
996 2066 1029 2090 c.
1050 2053 1084 2096 Ι,
1100 2054 1167 2102 20)
1199 2058 1340 2102 postea
1373 2054 1543 2091 afferam.

137 2116 277 2168 Neque
322 2132 414 2158 vero
462 2119 580 2161 Gaius
623 2120 819 2163 Gracchus
866 2122 1026 2162 carebat
1070 2122 1297 2173 suspicione·
1335 2123 1398 2172 (cs.
1429 2136 1546 2173 supra

137 2186 267 2227 Schol.
288 2190 423 2239 Bou),
467 2203 582 2239 quem
621 2175 693 2229 et‘si
728 2193 803 2230 hac
835 2193 1038 2231 liberatum
1074 2206 1158 2230 esse
1191 2194 1364 2242 velimus,
1402 2206 1546 2241 negare

136 2268 212 2294 non
248 2270 457 2307 possumus
490 2260 612 2298 {uisse
646 2267 765 2310 caput
806 2274 958 2305 eorum,
1002 2262 1138 2311 quibus
1167 2262 1390 2311 Scipionem
1418 2263 1545 2300 occidi

135 2324 242 2364 bono
274 2327 353 2366 fuit.
413 2328 596 2367 Ceterum
638 2342 831 2370 summam
874 2332 913 2369 in
951 2332 1210 2381 suspicionem
1248 2332 1443 2369 adductus
1485 2337 1545 2370 est

137 2392 179 2431 C.
211 2395 339 2436 Carbo
368 2399 565 2437 triumvir:
610 2399 784 2439 Ciceroni
814 2401 991 2450 quidem,
1032 2402 1096 2449 qui
1126 2401 1379 2439 Gracchanos
1407 2414 1545 2439 omnes

135 2464 187 2501 nil
222 2466 292 2504 nisi
330 2468 433 2507 viros
470 2468 788 2508 seditiosissimos
827 2470 946 2510 fuisse
983 2470 1166 2508 censebat
1202 2470 1268 2518 (de
1295 2483 1377 2520 rep.
1407 2471 1435 2513 Ι,
1469 2471 1545 2519 19).

136 2530 179 2571 C.
201 2533 428 2575 Gracchum
442 2537 498 2578 i-lli
517 2538 652 2576 sceleri
682 2545 787 2580 certe
806 2551 893 2581 ,non
921 2539 1131 2582 obstitisse,
1162 2540 1333 2578 consiliis
1361 2540 1445 2578 suis
1463 2541 1545 2579 eius
