1771 2968
747 260 986 298 -8-

158 376 296 425 agitur,
327 376 557 425 abroganda
586 387 673 413 esse
694 379 829 414 censet
847 376 957 414 matri
978 374 1255 414 Gracchorum.
1309 376 1396 425 Jam
1426 376 1577 425 pridem

158 445 258 481 enim
289 445 340 481 illi
361 444 563 482 Corneliae
589 443 778 493 epistolae
803 444 993 482 interiisse
1018 444 1213 488 videntur,
1243 444 1387 493 quippe
1416 456 1578 493 quarum

158 514 259 551 nulla
279 520 371 563 post
392 513 642 550 Plutarchum
663 513 731 550 fiat
752 513 917 561 mentio;
947 524 1074 561 neque
1094 513 1133 550 id
1153 513 1290 550 mirum
1312 526 1397 551 esse
1418 515 1580 562 propter

158 584 418 632 antiquiorum
440 583 711 620 historicorum
733 581 927 620 scribendi
947 583 1280 626 consuetudinem,
1311 582 1375 632 qui
1400 583 1437 619 in
1459 580 1579 620 libros

158 665 250 690 suos
264 653 463 690 orationes
476 652 702 701 receperint,
720 652 966 700 neglexerint
979 652 1176 701 epistolas.
1207 652 1328 701 Apud
1342 651 1579 701 posteriores

158 726 290 759 autem
319 723 413 759 artis
441 721 657 759 rhetoricae
684 721 895 770 magistros
915 727 1128 771 praecepta
1148 721 1307 770 reperiri
1327 720 1577 770 epistolarum

158 792 473 836 scribendarum3
520 791 781 839 quamobrem
810 795 966 829 nostras
995 791 1195 840 epistolas,
1225 791 1372 840 quippe
1400 801 1500 839 quae
1529 802 1579 827 ex

160 861 408 903 ,novissimae
434 860 681 909 antiquitatis
710 866 824 908 opere
842 860 1051 908 prodeant‘
1091 860 1208 897 fidem
1243 860 1388 897 habere
1423 859 1576 899 nullam.

156 930 238 977 Jam
264 929 522 979 Nipperdeius
551 929 638 966 huic
667 930 838 978 opinioni
859 930 1088 966 adversatur
1116 941 1195 967 non
1215 941 1351 967 omnes
1370 930 1452 966 eius
1471 929 1578 966 modi

157 999 435 1048 improbandas
478 1010 563 1035 esse
606 1006 711 1036 ratus
749 999 953 1046 epistolas,
1003 1003 1158 1036 nostras
1201 1011 1294 1035 vero
1336 1011 1359 1035 a
1399 997 1579 1035 Cornelio

158 1069 316 1117 Nepote
359 1068 550 1105 confictas
593 1079 678 1104 esse
720 1079 797 1104 non
839 1079 973 1116 posse,
1016 1068 1105 1116 quia
1147 1067 1323 1105 oratione
1356 1079 1379 1104 a
1413 1067 1578 1116 Nepotis

158 1149 302 1185 genere
342 1138 459 1184 longe
498 1136 652 1172 diversa
680 1142 719 1173 et
759 1137 986 1184 antiquioris
1023 1137 1210 1184 temporis
1245 1137 1403 1184 propria
1435 1136 1580 1184 scripta

158 1206 247 1249 sint,
278 1210 320 1243 ut
349 1206 518 1243 breviter
547 1205 820 1242 demonstrare
848 1210 1031 1257 conatur3
1079 1205 1172 1243 mihi
1205 1205 1361 1254 quidem
1391 1205 1488 1242 haec
1517 1216 1578 1242 res

158 1275 245 1312 fuse
282 1276 437 1324 lateque
479 1275 684 1311 tractanda
719 1274 790 1311 erit
818 1274 868 1311 de
896 1276 1135 1322 argumentis
1165 1287 1187 1312 a
1217 1275 1376 1322 Meyero
1417 1274 1578 1323 prolatis

159 1345 372 1382 disserenti.
415 1344 509 1381 Alio
528 1350 658 1380 autem
676 1343 907 1381 Mercklinus
928 1349 1080 1381 tenetur
1099 1356 1237 1393 errore,
1266 1344 1371 1392 quod
1388 1343 1576 1391 epistolis,

159 1415 230 1453 nisi
276 1415 326 1452 de
367 1414 451 1451 aliis
494 1414 600 1451 libris
640 1413 840 1451 codicibus
880 1414 1115 1452 credendum
1156 1414 1217 1457 sit,
1260 1412 1402 1451 nullam
1446 1418 1579 1450 censet

158 1484 382 1521 habendam
429 1494 515 1519 esse
558 1482 698 1527 fidem;
756 1483 857 1519 hanc
904 1495 1061 1531 quoque
1108 1483 1329 1531 opinionem
1376 1482 1579 1531 impugnat

160 1553 434 1601 Nipperdeius,
465 1553 538 1595 cui,
568 1552 720 1589 etiamsi
749 1554 927 1590 codicum
957 1553 1224 1591 testimonium
1253 1553 1290 1589 in
1316 1552 1578 1601 compluribus

158 1623 272 1659 rebus
311 1621 451 1658 falsum
496 1633 582 1659 esse
618 1622 930 1665 convinceretur,
976 1623 1133 1659 minime
1161 1622 1347 1670 epistolas
1377 1621 1578 1659 Corneliae

158 1691 405 1740 abrogandas
427 1701 513 1729 esse
533 1691 622 1728 inde
641 1690 741 1729 effici
771 1692 976 1730 videretur.
1022 1691 1159 1740 Neque
1179 1703 1271 1729 vero
1292 1691 1386 1729 illud
1407 1696 1576 1740 praeter-

159 1762 390 1798 mittendum
406 1773 493 1798 esse
509 1767 642 1798 censet
658 1761 903 1808 Mercklinus,
932 1763 1038 1809 quod
1057 1761 1216 1798 codices
1237 1774 1314 1798 non
1335 1761 1578 1798 consentiant

158 1831 206 1868 de
235 1831 351 1874 libro,
396 1833 497 1868 unde
536 1830 757 1879 fragmenta
794 1832 1003 1880 desumpta
1039 1831 1124 1870 sint.
1181 1830 1355 1880 Plerique
1390 1830 1491 1868 enirn
1530 1830 1579 1867 nil

159 1900 228 1936 nisi
269 1912 321 1936 ex
350 1899 530 1937 Cornelio
559 1900 718 1948 Nepote
755 1912 801 1937 ea
841 1907 1028 1949 excerpta
1065 1913 1150 1937 esse
1191 1900 1377 1943 referunt,
1421 1901 1576 1937 nonnuli

160 1969 301 2006 librum
331 1970 379 2006 de
399 1970 547 2006 Latinis
576 1969 768 2007 historicis
797 1971 1008 2008 nominant.
1069 1970 1297 2007 Rectissime
1317 1970 1577 2019 Nipperdeius

158 2039 271 2077 huius
284 2039 534 2077 dissensionis
546 2051 702 2076 causam
715 2051 800 2077 esse
810 2040 903 2076 dicit
913 2040 1092 2077 codicum
1103 2040 1276 2077 ordinem
1288 2040 1554 2089 perturbatum
1567 2053 1576 2087 ;

158 2114 329 2147 ceterum
372 2121 419 2145 ea
462 2110 500 2145 in
539 2108 579 2146 C.
613 2108 780 2145 Gracchi
822 2110 901 2146 vita
942 2109 1037 2157 (scil.
1074 2109 1111 2146 in
1139 2109 1238 2146 libro
1267 2109 1317 2147 de
1345 2110 1578 2158 oratoribus)

158 2180 290 2228 posita
319 2190 406 2217 esse
436 2178 572 2228 videri,
614 2179 662 2216 de
691 2190 767 2227 qua
797 2178 993 2227 Nepotem
1022 2178 1220 2228 scripsisse
1249 2179 1400 2229 optime
1428 2179 1578 2229 colligit

157 2262 209 2285 ex
245 2249 442 2285 Plutarchi
485 2249 566 2285 vita
609 2248 669 2287 Ti.
703 2248 870 2285 Gracchi
909 2249 977 2291 21,
1021 2249 1085 2296 qui
1127 2249 1175 2285 de
1212 2248 1285 2286 Gai
1329 2249 1577 2287 matrimonio

158 2318 381 2356 Cornelium
410 2317 609 2367 Nepotem
657 2318 708 2355 ab
755 2317 838 2356 aliis
880 2317 1134 2367 scriptoribus
1177 2318 1330 2357 diversa
1372 2319 1577 2357 tradidisse

156 2387 349 2436 perhibet.

265 2456 356 2505 Qua
385 2462 547 2494 externa
582 2457 828 2506 reliquiarum
858 2457 1021 2494 historia
1049 2457 1144 2495 satis
1173 2470 1317 2507 magna
1345 2463 1577 2508 argumenta

156 2526 346 2572 genuinae
402 2526 567 2563 fictaeve
613 2539 746 2564 earum
794 2526 934 2563 indolis
980 2527 1218 2575 suppeditari
1272 2540 1320 2564 ne
1362 2528 1576 2564 Mercklino

157 2595 315 2643 quidem
346 2595 544 2643 videntur;
601 2600 750 2634 temere
779 2601 909 2633 autem
938 2596 1172 2646 suffragatur
1200 2597 1264 2635 ille
1293 2597 1467 2646 Langeo,
1511 2597 1576 2646 qui
