1771 2968
788 249 1054 288 ...20—

209 367 380 405 omnium
438 367 517 405 fere
573 372 794 417 temporum
844 368 1057 417 scriptores
1112 368 1284 417 positum
1343 380 1429 406 esse
1485 369 1630 406 scimus

210 437 425 484 interdum,
494 437 647 486 saepius
708 442 840 475 autem
905 438 1009 487 apud
1078 437 1318 486 antiquiores
1386 437 1448 486 (cf.
1504 438 1627 476 Plaut.

209 506 349 544 Bacch.
381 506 502 549 1056,
551 507 667 544 Poen.
701 507 795 550 149,
848 507 967 552 135&
1024 507 1111 545 Ter.
1143 507 1240 546 Eun.
1272 507 1368 550 884,
1413 506 1493 546 904
1517 509 1627 557 ete.);

208 576 311 614 idem
350 577 458 614 dicas
497 576 546 614 de
588 576 790 614 antehac
830 576 892 625 (cf.
925 576 1025 617 Enn.
1054 589 1141 616 ann.
1174 577 1268 623 2053
1316 576 1438 615 Plaut.
1468 576 1561 616 Cist.
1592 578 1627 624 1,

210 646 324 695 Epid.
356 647 426 689 99,
475 646 589 684 Truc.
626 647 700 684 165
741 648 843 695 etc.).
902 646 979 685 Illis
1020 658 1115 685 vero
1159 658 1258 696 quae
1299 647 1376 699 iam
1419 652 1630 696 sequuntur

208 716 336 754 verbis
368 721 723 765 ,praeterquam
751 716 832 765 quz'
859 738 908 744 —
938 720 1180 755 necarunt‘
1218 716 1412 754 simillima
1439 729 1524 754 esse
1551 717 1628 755 iam

209 785 477 835 Nipperdeius
507 786 658 823 notavit
678 785 911 823 Terentiana
939 786 1053 835 (Eun.
1076 786 1142 835 67)
1171 797 1309 836 ,neque
1330 790 1483 836 praeter
1510 798 1629 836 quam

209 868 306 905 quas
335 856 419 904 ipse
449 867 560 893 amor
589 856 789 893 molestias
819 856 939 893 habet
967 856 1122 902 addas‘3
1178 856 1379 894 iucundius
1414 861 1545 894 autem
1581 856 1630 894 sit

209 925 367 972 cognitu
397 924 492 961 illud
523 930 711 969 ‚tantum
739 924 979 962 molestiae
1007 931 1273 974 tantumque
1299 925 1479 963 laboris
1509 947 1557 952 —
1577 947 1631 953 —

209 993 499 1032 tradidz'sse‘.
568 993 669 1031 Nam
718 994 879 1031 verbum
929 994 1041 1032 labor
1087 995 1253 1032 eandum
1301 994 1380 1032 fere
1427 1007 1474 1032 ac
1520 995 1631 1033 dolor

209 1068 446 1113 potestatem
476 1063 514 1099 in
543 1062 642 1100 illius
672 1062 842 1100 maxime
863 1063 1000 1101 aetatis
1025 1075 1205 1102 sermone
1224 1064 1421 1102 cotidiano
1440 1064 1628 1108 habuerit,

210 1139 253 1171 ut
283 1145 346 1182 ap.
369 1132 490 1171 Plaut.
512 1133 617 1171 Trin.
650 1134 721 1172 271
764 1146 1012 1182 ,quamquam
1044 1133 1096 1170 ibi
1125 1134 1282 1181 grandis
1312 1134 1463 1183 capitur
1491 1134 1629 1177 labos‘‚

210 1201 322 1240 Cure.
345 1201 424 1240 219
455 1202 651 1244 ,valetudo
680 1203 880 1245 decrescit,
911 1202 1103 1240 adcrescit
1120 1202 1263 1248 labor‘;
1294 1202 1382 1241 Ter.
1405 1202 1529 1241 Andr.
1552 1203 1630 1242 870

210 1277 372 1314 ,tantum
417 1270 590 1308 laborem
633 1279 785 1320 capere‘
842 1272 906 1319 (cf.
953 1284 1108 1321 quoque
1155 1271 1463 1319 fragmentorum
1510 1272 1631 1309 verba

211 1346 409 1383 ,tantum
450 1340 633 1378 laboris
679 1340 812 1388 culpa
855 1345 934 1377 tua
980 1340 1245 1389 recipias‘),·
1299 1340 1459 1377 tradere
1499 1346 1629 1378 autem

209 1409 443 1447 vocabulum
484 1409 559 1447 illis
597 1409 841 1460 temporibus
881 1421 1000 1459 saepe
1033 1409 1204 1447 similiter
1240 1410 1414 1458 usurpari
1451 1410 1527 1447 iam
1567 1410 1628 1447 alii

209 1479 594 1522 demonstraverunt,
644 1477 825 1527 equidem
865 1478 1173 1528 comparaverim
1212 1478 1329 1517 verba
1364 1479 1508 1517 Metelli
1550 1481 1626 1530 (ap.

210 1548 427 1592 Ge11.X11,
457 1550 497 1597 9)
540 1549 664 1597 ‚probi
707 1549 882 1586 iniuriam
927 1548 1076 1587 facilius
1119 1549 1316 1598 accipiunt
1359 1562 1476 1598 quam
1521 1550 1629 1587 alteri

209 1619 391 1657 tradunt‘.
440 1618 593 1655 Deinde
613 1618 787 1655 notanda
807 1624 867 1655 est
887 1618 950 1655 illa
969 1619 1175 1656 verborum
1197 1619 1419 1656 coniunctio
1448 1631 1629 1668 ,eorum,

208 1702 318 1739 quos
345 1687 542 1726 antehac
569 1688 716 1726 habui
741 1688 957 1737 liberos‘,·
1012 1688 1073 1726 cui
1101 1689 1178 1725 iam
1208 1688 1468 1737 Nipperdeius
1496 1692 1630 1725 censet

208 1757 354 1795 similes
397 1768 485 1795 esse
523 1757 606 1794 illas
643 1769 705 1806 ap.
736 1757 857 1794 Plaut.
892 1756 1002 1796 Cure.
1033 1757 1113 1796 433
1153 1763 1192 1794 et
1225 1769 1287 1807 ap.
1328 1757 1414 1795 Ter.
1447 1756 1572 1796 Andr.
1603 1756 1628 1795 3

209 1828 285 1865 iam
307 1840 424 1876 supra
443 1829 548 1876 (pag.
575 1826 637 1875 10)
656 1827 803 1865 allatas.
854 1826 972 1864 Cuius
1001 1827 1106 1865 modi
1137 1827 1257 1865 multa
1277 1815 1400 1865 'nobis
1420 1832 1630 1864 occurrunt
1661 1878 1665 1882 ῃ

209 1897 471 1945 antiquiorum
514 1896 833 1944 percensentibus
874 1896 1035 1944 scripta,
1076 1902 1118 1933 ut
1160 1896 1282 1934 Plaut.
1314 1896 1428 1934 Truc.
1461 1896 1538 1933 275
1580 1896 1629 1938 ,ni

209 1965 362 2014 ligneae
397 1965 496 2002 haec
534 1965 628 2007 sint,
677 1977 774 2014 quas
813 1965 937 2002 habes
966 1964 1185 2013 Victorias‘‚
1235 1965 1350 2004 Merc.
1384 1965 1463 2004 230
1503 1964 1550 2008 ,ei
1580 1977 1629 2002 ne

209 2039 382 2078 noceret,
412 2046 530 2083 quam
560 2035 666 2072 domi
696 2040 809 2072 antea
828 2034 946 2072 habui
964 2042 1149 2084 capram‘,
1179 2034 1300 2074 Stich.
1323 2035 1398 2074 321
1431 2057 1491 2082 ,—
1521 2034 1629 2083 (quid

209 2104 346 2153 inest?)
374 2116 470 2153 quas
498 2109 541 2141 tu
572 2105 664 2141 edes
694 2104 902 2149 colubras‘;
934 2103 1022 2142 Ter.
1045 2104 1186 2143 Heaut.
1209 2103 1287 2142 654
1316 2116 1443 2153 ,quam
1463 2104 1629 2141 Bacchis

209 2186 340 2212 secum
371 2174 538 2212 adduxit
567 2173 907 2217 adulescentulam,
948 2185 994 2211 ea
1023 2172 1194 2212 lauatum
1222 2174 1316 2212 dum
1346 2174 1398 2218 it‘,
1439 2173 1529 2211 ibid.
1552 2173 1629 2213 723

210 2247 299 2292 ,(me
328 2245 405 2282 huc
434 2245 683 2292 induxerunt)
711 2244 850 2282 decem
881 2244 1004 2281 minas
1032 2256 1130 2293 quas
1159 2244 1251 2281 mihi
1281 2244 1374 2282 dare
1402 2244 1628 2293 pollicitust‘

208 2313 244 2362 (i.
276 2327 311 2362 q.
351 2326 449 2363 quas
486 2314 578 2351 mihi
619 2314 715 2352 dare
751 2314 965 2363 pollicitust
993 2314 1131 2351 decem
1160 2314 1309 2362 minas).
1367 2313 1629 2351 Pulcherrime

209 2395 303 2420 vero
347 2383 607 2431 antiquiorum
651 2383 931 2421 consuetudine
974 2383 1127 2420 dicendi
1171 2382 1402 2431 explanatur
1444 2382 1507 2420 illa
1549 2393 1630 2419 vox

210 2458 393 2501 ‚partes
434 2452 675 2498 tolerare‘,
724 2465 825 2501 quae
866 2451 943 2489 iam
985 2452 1130 2489 multos
1173 2451 1344 2489 offendit.
1412 2451 1513 2489 Nam
1557 2451 1628 2488 illis

208 2521 454 2572 temporibus
482 2522 717 2560 vocabulum
738 2522 909 2560 tolerare
927 2521 1101 2560 similiter
1125 2534 1172 2559 ac
1190 2522 1382 2560 sustinere
1400 2526 1627 2570 usurpatum

209 2603 297 2630 esse
325 2591 429 2629 haud
459 2598 605 2631 temere
634 2591 804 2631 conicias
824 2591 950 2630 Plauti
980 2604 1033 2630 ex
1061 2592 1191 2632 verbis
1220 2590 1325 2630 Trin.
1348 2591 1423 2630 687
1455 2595 1532 2639 ,tua
1560 2590 1626 2640 qui
