1771 2968
772 185 1040 223 —13.-

202 304 397 352 intellego.
463 303 521 340 At
560 314 637 339 non
675 302 917 339 mediocriter
951 303 1121 350 gaudeo,
1170 301 1277 350 quod
1315 302 1418 339 idem
1458 303 1613 341 minime

202 378 474 412 commovetur
528 370 591 408 illa
638 370 812 420 Appiani
869 371 1091 420 suspicione
1146 372 1195 408 de
1241 370 1434 420 Scipionis
1480 373 1610 412 caede.

202 443 378 491 Denique
420 442 580 478 miratur
616 439 857 489 Soergelius,
906 441 1012 489 quod
1042 439 1160 478 Gaius
1190 440 1406 483 Gracchus,
1454 441 1492 477 in
1535 453 1612 490 quo

200 525 372 552 summas
409 510 525 549 animi
559 510 720 548 virtutes
757 509 917 548 infuisse
946 515 1116 554 constet,
1164 509 1203 547 in
1241 510 1409 548 consiliis
1447 511 1610 561 publicis

200 583 278 621 suis
307 581 396 619 nihil
415 581 520 618 aliud
543 580 788 628 spectaverit,
818 580 888 617 nisi
916 585 959 617 ut
986 580 1161 617 inimicos
1191 580 1450 624 ulcisceretur,
1481 581 1607 623 ,ulcis-

199 657 350 690 ceretur
363 650 539 689 inimicos
555 650 691 699 quovis
706 650 845 699 pretio,
873 649 945 687 etsi
961 649 1055 698 ipse,
1086 649 1158 688 etsi
1177 649 1391 698 respublica
1407 651 1608 695 interiret.‘

200 721 318 770 Quod
357 732 433 768 qua
466 731 518 756 ex
555 731 597 756 re
633 718 697 756 ille
734 718 893 767 colligat
920 719 1071 765 nescio;
1129 719 1166 756 in
1201 720 1343 757 nostris
1381 719 1609 768 fragmentis

199 795 323 829 mater
350 789 536 845 admonet
564 789 698 835 filium,
736 800 783 825 ne
812 787 937 826 fratris
965 793 1221 838 persequatur
1249 789 1420 836 consilia,
1463 789 1607 839 quippe

199 871 298 909 quae
339 858 487 896 civibus
531 858 643 896 saluti
686 870 765 896 non
807 857 891 896 fore
933 859 1187 907 perspexerit.
1253 858 1413 896 Minime
1456 859 1609 907 ignorat

198 935 323 968 mater
351 928 492 967 Gaium
521 927 678 965 fratrem
709 927 840 965 ulcisci
867 928 977 971 velle,
1008 927 1140 965 ulcisci
1168 940 1246 965 non
1276 928 1426 977 ,quovis
1455 929 1606 977 pretio‘,

196 999 264 1036 sed
302 1010 367 1041 eo,
416 1002 459 1035 ut
498 997 627 1046 legum
667 997 993 1035 obtrectatoribus
1030 997 1259 1034 adversatus
1297 1009 1397 1046 opus
1432 998 1609 1046 perficiat

197 1068 246 1106 ab
285 1079 332 1105 eo
370 1067 611 1112 incohatum,
669 1067 775 1116 quod
819 1066 1056 1116 reipublicae
1099 1067 1271 1105 maximo
1313 1066 1483 1105 futurum
1522 1080 1608 1106 esse

197 1137 459 1174 emolumento
506 1136 579 1185 ipsi
626 1142 732 1174 certe
777 1148 1006 1185 persuasum
1054 1141 1146 1174 erat.
1211 1136 1342 1185 Quam
1386 1137 1607 1186 opinionem

195 1206 331 1244 falsam
374 1218 459 1244 esse
500 1209 585 1244 rata
623 1205 800 1243 dirixnere
838 1205 962 1243 voluit
1004 1211 1129 1243 mater
1165 1217 1234 1255 per
1271 1218 1338 1244 eas
1375 1207 1426 1244 de
1466 1207 1607 1256 quibus

194 1276 321 1325 agitur
348 1275 545 1324 epistolas.

302 1345 477 1382 Maxima
505 1357 598 1382 vero
627 1350 854 1394 argumenta
875 1344 1074 1393 Soergelio
1102 1345 1186 1394 ipsa
1212 1345 1399 1394 praebere
1426 1345 1605 1383 videntur

194 1414 423 1462 fragmenta,
453 1414 598 1463 quippe
626 1426 727 1463 quae
756 1415 895 1451 mirum
915 1421 1103 1463 quantum
1124 1415 1359 1451 abhorreant
1378 1415 1429 1451 ab
1449 1415 1604 1464 ingenio

194 1483 445 1532 moribusque
474 1483 682 1521 Corneliae.
740 1483 803 1520 Ac
842 1483 1008 1532 primum
1048 1484 1206 1533 quidem
1247 1485 1481 1521 monendum
1516 1496 1605 1522 esse

193 1557 326 1589 censet
355 1554 405 1595 ‚in
434 1553 608 1601 epistolis
636 1552 725 1589 nihil
754 1553 879 1589 inesse
897 1553 967 1589 nisi
988 1553 1184 1590 universas
1203 1553 1472 1599 elocutiones‘;
1520 1554 1603 1602 ipse

190 1622 324 1665 nescit,
355 1622 458 1671 ,quid
488 1623 644 1660 tandem
674 1621 878 1670 agitaverit
907 1621 1036 1666 Gaius,
1076 1623 1170 1671 quid
1199 1627 1325 1660 mater
1354 1622 1599 1662 dissuaserit‘.

192 1690 282 1739 Qua
317 1691 367 1728 de
401 1703 441 1728 re
476 1691 640 1729 libenter
676 1691 882 1728 certiorem
911 1691 1012 1728 facio
1041 1690 1166 1730 illum:
1217 1691 1335 1729 Gaius
1363 1692 1599 1730 tribunatum

191 1761 380 1809 petiturus
422 1765 499 1808 est,
546 1767 670 1798 mater
708 1767 858 1807 monet,
916 1773 964 1798 ne
1001 1761 1077 1798 hoc
1117 1760 1231 1799 faciat
1273 1760 1400 1799 fratris
1441 1762 1601 1800 consilia

190 1835 433 1878 perseeutus;
490 1830 561 1868 sed
602 1830 713 1868 aliam
757 1842 913 1879 quoque
954 1842 1034 1867 rem
1073 1842 1160 1867 cum
1199 1830 1263 1867 illo
1301 1831 1601 1868 communicabo

189 1899 504 1937 iucundissimam
540 1899 718 1948 cognitu:
768 1911 838 1937 nos
875 1899 1030 1949 quidem
1070 1912 1147 1937 non
1185 1899 1372 1938 habemus
1401 1899 1601 1938 Corneliae

189 1973 307 2011 ,totas
326 1969 522 2017 epistolas‘
551 1975 811 2016 conservatas,
840 1970 908 2006 sed
938 1970 1188 2018 epistolarum
1212 1969 1450 2017 fragmenta;
1481 1982 1600 2018 quare

187 2037 261 2076 illis
310 2038 510 2082 ,universis
539 2037 832 2077 elocutionibus‘
880 2039 1127 2088 gravissimas
1179 2038 1439 2088 praecessisse
1484 2051 1597 2088 argu-

188 2108 446 2145 mentationes
483 2108 587 2144 haud
627 2114 772 2145 temere
807 2108 992 2145 conicias!
1051 2108 1188 2156 Neque
1226 2109 1352 2145 minus
1389 2108 1599 2145 offenditur

187 2175 263 2220 ille,
309 2176 416 2227 quod
446 2175 627 2215 Cornelia
655 2189 725 2215 sua
754 2189 909 2227 quoque
937 2189 1053 2214 causa
1082 2177 1267 2215 admonet
1295 2176 1434 2225 filium,
1463 2182 1506 2215 ut
1533 2177 1598 2215 illa

186 2247 347 2287 consilia
367 2248 540 2285 omittat:
579 2247 670 2284 nihil
690 2247 795 2284 aliud
815 2270 866 2276 -—-
886 2247 958 2284 sic!
983 2269 1031 2275 —
1054 2247 1253 2295 Soergelio
1273 2247 1428 2285 novisse
1446 2248 1598 2285 videtur

186 2315 256 2353 nisi
276 2316 401 2355 otium
421 2323 460 2355 et
480 2317 712 2355 commodae
730 2317 834 2355 vitae
852 2316 1060 2355 rationem!
1121 2316 1275 2354 Deinde
1294 2316 1397 2355 illam
1417 2317 1598 2367 ignorare

186 2392 320 2424 censet
356 2387 421 2424 filii
457 2399 631 2424 amorem
659 2387 823 2436 patriae,
866 2387 1012 2436 quippe
1050 2398 1150 2435 quae
1186 2387 1236 2423 de
1273 2387 1356 2425 sola
1389 2387 1596 2425 ulciscendi

180 2456 396 2506 cupiditate
424 2457 605 2495 disserat:
654 2468 744 2495 meo
772 2456 931 2506 quidem
961 2455 1102 2494 iudicio
1131 2456 1243 2495 huius
1272 2458 1379 2496 modi
1408 2457 1597 2507 epistolae

186 2525 258 2563 nisi
286 2526 338 2563 ad
371 2526 494 2564 virum
524 2526 671 2576 patriae
699 2526 1002 2564 amantissimum
1035 2526 1152 2564 datae
1186 2527 1290 2564 leves
1326 2532 1445 2576 atque
1473 2538 1597 2563 vanae
