1771 2968
741 172 901 210 -15
956 195 1007 200 -,

172 302 288 346 atque
317 293 518 334 obsecrat,
557 301 606 327 ne
633 293 890 339 persequatur
916 300 963 327 ea
990 288 1164 335 consilia,
1202 301 1302 338 quae
1330 288 1478 338 patriae
1506 300 1582 326 non

172 366 295 405 minus
322 374 438 412 quam
467 360 541 409 ipsi
569 359 788 408 periculosa
815 370 902 396 esse
930 364 1062 408 putat:
1108 358 1312 408 Soergelio
1339 359 1583 408 turpissimae

124 451 128 454 ·
172 434 343 476 obnoxia
370 436 431 470 est
459 428 795 479 intemperantiae,
837 429 984 478 quippe
1020 440 1120 478 quae
1159 428 1280 466 filium
1317 428 1494 467 adultum
1531 428 1582 466 ad

172 511 304 545 nutum
353 502 424 540 sibi
471 505 630 549 praesto
677 511 767 537 esse
806 499 947 537 iubeat.
1019 499 1173 537 Deinde
1220 500 1387 548 quaerit,
1443 499 1583 549 quibus

171 575 328 615 tandem
371 571 483 609 rebus
520 569 641 607 Gaius
687 569 801 606 matri
847 574 998 607 tantum
1041 569 1247 609 molestiae
1292 569 1491 609 tradiderit
1533 580 1582 606 eo

171 652 366 694 tempore,
409 653 489 690 quo
531 639 703 677 nondum
746 639 872 676 inierit
908 639 1078 688 priorem
1114 639 1391 686 tribunatum;.
1432 639 1579 676 dicam:

170 713 331 753 consilio
365 710 603 749 tribunatum
639 709 797 758 petendi
826 715 865 747 et
893 709 1118 758 perficiendi
1154 722 1253 760 opus
1280 722 1304 747 a
1331 709 1450 746 fratre
1477 708 1582 745 inco-

170 785 316 822 hatum.
373 781 488 818 Illum
517 791 671 817 summa
688 779 804 816 animi
827 779 1052 828 integritate
1070 779 1189 818 fuisse
1208 785 1312 818 recte
1332 779 1443 827 dicit3
1484 791 1583 828 quae

171 859 214 892 ut
240 850 455 899 refragetur
482 848 792 898 fragmentorum
821 848 928 892 fidei,
972 849 1086 887 enixe
1114 849 1288 898 quidem,
1328 849 1397 887 sed
1442 848 1582 886 frustra

170 933 332 972 operam
351 921 436 963 dat,
467 924 512 958 ut
538 919 644 958 illum
672 919 737 968 qui
764 931 835 968 per
862 919 1046 968 epistolas
1066 919 1302 957 admonetur
1320 918 1459 957 Gaium
1490 918 1583 956 solis

171 989 346 1030 utilitatis
385 988 598 1027 rationibus
636 988 725 1026 duci
762 988 1015 1029 demonstret.
1073 989 1172 1027 Illud
1212 993 1342 1026 autem
1384 988 1581 1036 ,iniquum‘

172 1060 369 1100 Corneliae
397 1059 448 1097 de
473 1058 554 1097 filio
580 1058 758 1096 iudicium
788 1071 837 1097 eo
865 1059 990 1107 magis
1019 1065 1152 1097 censet
1186 1071 1271 1096 esse
1299 1057 1581 1100 admirandum,

169 1130 274 1180 quod
301 1129 387 1178 ipsa
415 1128 646 1167 acerrimum
665 1140 777 1166 suum
797 1128 985 1166 adversus
1004 1128 1148 1166 Tiberii
1169 1139 1420 1177 percussores
1449 1128 1586 1165 odium*

169 1199 393 1248 profitetur3
457 1197 548 1235 inde
589 1210 676 1235 eam
718 1197 800 1236 eius
841 1197 1016 1236 actiones
1058 1210 1136 1236 non
1179 1198 1297 1248 plane
1337 1197 1583 1247 improbasse

169 1267 335 1316 colligit:
365 1277 457 1305 meo
474 1266 632 1315 quidem
650 1267 794 1304 iudicio
810 1271 935 1304 mater
950 1267 1018 1304 filii
1034 1279 1284 1315 percussores
1300 1289 1352 1296 —-
1367 1267 1583 1304 rectissime

168 1338 259 1374 dicit
286 1336 510 1385 Soergelius
545 1343 818 1385 ‚percussores‘
854 1358 908 1364 —-
940 1336 1282 1375 vehementissimo
1321 1341 1455 1386 potest
1490 1335 1582 1373 odio

168 1406 368 1455 persequi,
412 1406 565 1444 etiamsi
602 1406 685 1444 eius
719 1405 878 1444 consilia
913 1405 1153 1455 improbarat
1180 1411 1299 1455 atque
1325 1406 1582 1452 dissuaserat3

169 1474 346 1514 Cornelia
373 1475 462 1513 licet
490 1475 758 1524 comprobarit
775 1474 907 1513 Tiberi
927 1476 1088 1528 consilia
1116 1479 1157 1512 et
1186 1476 1421 1524 reipublicae
1448 1480 1489 1512 et
1507 1475 1580 1523 ipsi

163 1542 325 1581 'minime
353 1544 570 1593 periculosa
589 1544 672 1582 fore
691 1550 792 1583 rata:
823 1545 1004 1583 luctuoso
1032 1545 1150 1582 docta
1178 1549 1319 1583 eventu
1347 1545 1510 1582 alterum
1531 1556 1582 1583 ne

167 1612 232 1650 ina
245 1619 500 1661 persequatur
515 1624 593 1650 non
607 1618 740 1661 potest
758 1626 836 1652 non
851 1615 1063 1651 admonere
1077 1613 1209 1652 filium.
1258 1612 1578 1650 Sordidissimum

166 1693 261 1719 vero
293 1682 353 1719 sui
388 1693 561 1720 amorem
597 1682 661 1720 ille
696 1681 843 1720 crimini
871 1683 940 1720 dat
969 1681 1189 1724 Corneliae,
1233 1693 1334 1730 quae
1372 1682 1437 1719 illa
1476 1681 1582 1730 frag·

166 1754 386 1789 mentorum
414 1751 533 1790 verba
562 1751 776 1801 scripserit:
820 1751 1075 1801 ,oportebat
1106 1757 1148 1789 te
1185 1751 1384 1789 omnium
1411 1763 1582 1794 eorum,

166 1830 283 1869 quas
335 1820 541 1858 antehac
583 1820 732 1858 habui
775 1821 982 1864 liberos,
1021 1821 1194 1870 partis
1238 1821 1458 1858 tolerare
1497 1826 1581 1869 sq.‘

167 1888 323 1928 Scilicet
351 1889 455 1928 illam
485 1889 732 1940 ,reipublicae
759 1890 1007 1929 incuriosam‘
1037 1890 1156 1928 fuisse
1189 1890 1477 1929 evidentissime
1504 1889 1580 1927 iuis

165 1958 302 2005 prioris
331 1959 537 2007 fragmenti
565 1959 706 2002 verbis,
736 1960 802 2002 ,id
824 1973 965 2009 neque
991 1961 1143 1997 maius
1170 1973 1313 2009 neque
1331 1960 1582 2008 pulchrius

165 2027 378 2078 cuiquam
410 2034 547 2078 atque
582 2028 700 2067 milen·
733 2042 832 2068 esse
864 2029 1067 2073 videtur,
1114 2029 1199 2067 sed
1231 2029 1276 2067 si
1309 2029 1453 2067 liceat
1488 2034 1579 2077 rep.

164 2097 300 2135 salva
335 2111 389 2136 ea
416 2099 661 2147 persequi«
690 2098 997 2141 demonstratur,
1041 2099 1323 2141 ‚immemorem
1350 2103 1481 2135 autem
1511 2097 1578 2134 filii

164 2166 326 2214 gloriae
341 2167 416 2206 illis
429 2168 587 2207 alterius
606 2168 848 2217 ,ecquando
863 2168 1174 2217 perpudescet
1194 2167 1426 2206 miscenda
1442 2173 1581 2216 atque

159 2237 489 2284 perturbanda
544 2237 802 2286 republica‘
859 2243 979 2287 atque
1032 2237 1214 2275 universo
1269 2236 1576 2286 fragmentorum

164 2309 416 2355 argumento&
471 2307 672 2357 Quidquid
701 2313 832 2347 autem
859 2307 935 2347 alio
955 2307 1074 2346 modo
1094 2296 1312 2357 impugnari
1332 2318 1410 2345 non
1429 2310 1577 2357 potest,

164 2375 204 2413 id
223 2376 424 2416 ridiculum
445 2377 538 2416 facit
551 2376 790 2426 Soergelius,
818 2382 862 2415 ut
878 2376 940 2414 illa
959 2377 1076 2414 verba
1096 2377 1267 2425 ,utique
1286 2389 1581 2426 quaecunque

162 2458 330 2494 ageres
356 2454 429 2497 sq.‘
484 2446 632 2486 Infirmi
657 2446 805 2496 pueruli
833 2446 954 2485 instar
980 2446 1123 2485 debere
1152 2445 1307 2490 Gaium,
1348 2447 1575 2496 priusquam

162 2513 306 2563 aliquid
351 2516 553 2566 suscipiat,
611 2515 744 2555 matris
789 2527 944 2565 semper
987 2521 1103 2553 antea
1144 2516 1353 2565 impetrare
1395 2517 1574 2554 veniam!
