1771 2968
759 196 1024 233 —17-..

186 317 446 361 cognoverat;
477 313 574 349 haec
602 311 847 359 neglegentia
875 311 977 347 haud
998 311 1079 348 leve
1099 311 1191 348 mihi
1212 317 1482 359 argumentum
1511 324 1598 350 esse

185 382 338 419 videtur
384 382 569 431 epistolas
616 393 639 417 a
682 380 859 418 Cornelia
906 382 1071 429 scriptas
1128 393 1213 418 esse
1259 381 1394 418 litteris
1438 381 1597 419 Graecis

185 451 421 488 doctissima.
481 450 593 499 Quae
630 450 820 488 sententia
850 462 919 487 cur
947 450 1123 493 ,humilis‘
1154 451 1223 493 sit,
1268 458 1309 488 ut
1348 451 1413 488 ille
1452 459 1596 495 censet,

185 522 337 566 nesci0;
369 521 511 558 etenim
543 525 667 557 mater
695 533 773 557 non
801 521 928 558 solum
948 522 997 557 de
1016 521 1061 557 iis
1082 521 1250 569 loquitur
1270 521 1469 563 molestiis,
1500 534 1596 569 quas

185 589 352 627 filiorum
391 589 538 627 insania
577 589 720 633 ,habet‘
763 590 787 629 i.
817 603 848 627 e.
889 590 982 639 ipsis
1018 590 1148 633 affert,
1193 590 1263 628 sed
1300 590 1415 628 etiam
1454 591 1503 628 de
1538 591 1595 634 iis,

184 672 280 707 quas
312 660 508 707 ,praebet‘,
538 660 618 696 scil.
639 659 802 696 civibus!
862 660 924 696 De
952 666 1036 696 tota
1065 672 1158 696 vero
1186 660 1438 708 epistolarum
1467 660 1597 697 indole

183 728 313 776 inique
354 733 473 777 atque
515 740 697 777 perverse
739 729 882 766 iudicat
921 727 1163 776 Soergelius;
1221 740 1340 777 quare
1385 728 1448 766 ille
1490 729 1595 777 quod

183 796 391 833 liberorum
420 798 614 834 desiderat
643 809 818 834 amorem
847 797 1003 834 minime
1032 798 1170 842 miror;
1213 798 1433 846 quicunque
1461 804 1594 835 autem

183 867 407 916 incorrupto
423 866 564 905 iudicio
580 867 831 916 epistolarum
848 867 1065 916 fragmenta
1079 868 1335 916 perspexerit,
1365 867 1410 910 is,
1441 867 1592 916 opinor,

183 936 379 983 intelleget
408 948 473 974 eas
502 948 524 973 a
545 937 703 973 muliere
731 948 885 973 summo
915 941 954 973 et
982 937 1132 985 patriae
1162 940 1201 973 et
1222 936 1429 973 liberorum
1459 946 1592 972 amore

182 1005 336 1042 incensa
352 1006 517 1054 scriptas
532 1017 630 1048 esse,
661 1018 683 1042 a
704 1005 860 1043 muliere
876 1018 964 1042 vere
979 1005 1170 1048 Romana,
1201 1005 1356 1053 qualem
1374 1004 1592 1042 Corneliam

182 1073 301 1110 fuisse
346 1074 578 1122 accepimus.
647 1074 713 1110 Illa
758 1074 959 1122 Soergelio
1006 1073 1163 1122 quidem
1211 1074 1333 1111 filium
1380 1075 1594 1111 admonere

181 1142 342 1186 videtur,
374 1148 416 1179 ut
445 1142 619 1191 ,patriam
649 1144 798 1192 perdat,
837 1143 1052 1180 dummodo
1082 1144 1215 1180 matris
1244 1143 1352 1191 quies
1384 1143 1476 1179 nihil
1504 1144 1594 1180 inde

181 1211 380 1254 turbetur‘,
428 1211 541 1248 nobis
569 1217 716 1254 autem,
765 1217 806 1248 ut
835 1212 999 1260 patriam
1029 1212 1175 1248 salvam
1206 1216 1411 1249 conservet
1440 1212 1593 1249 omissis

181 1281 273 1329 ipsis
320 1280 391 1316 illis
437 1281 626 1323 consiliis,
683 1280 821 1329 quibus
868 1281 1002 1317 matris
1048 1292 1203 1329 quoque
1249 1281 1427 1317 turbetur
1468 1281 1589 1329 quies.

180 1349 318 1398 Neque
346 1362 438 1386 vero
467 1349 527 1386 illa
554 1349 808 1398 pulcherrima
827 1349 947 1386 verba
974 1350 1258 1398 praetermittit,
1302 1350 1442 1398 quibus
1470 1356 1594 1387 mater

179 1419 229 1455 de
255 1419 499 1467 temporibus
527 1425 620 1467 post
648 1431 757 1456 suam
788 1426 956 1456 mortem
975 1419 1161 1456 admonet
1190 1418 1334 1462 filium;
1381 1430 1482 1467 quae
1511 1426 1590 1456 tam

179 1486 309 1536 inepte
319 1492 534 1537 percenset,
553 1492 595 1524 ut
609 1499 697 1525 eum
710 1486 987 1537 psychologiae
997 1487 1141 1525 iudices
1153 1497 1238 1525 esse
1250 1486 1591 1537 imperitissimum,

179 1558 451 1606 peritissimum
472 1559 564 1595 artis
580 1558 824 1606 sophisticae.
866 1559 923 1594 Ea
943 1571 1098 1606 quoque
1117 1571 1217 1605 quae
1238 1563 1450 1605 sequuntur
1469 1558 1589 1594 verba

178 1626 216 1661 in
255 1626 457 1661 ludibrium
493 1632 644 1662 vertere
678 1631 841 1661 conatur
881 1627 944 1673 (de
979 1626 1105 1662 verbis
1145 1633 1321 1674 ‚preces
1354 1632 1591 1673 expetere‘

178 1695 226 1734 cf.
259 1708 347 1744 pag.
380 1696 429 1733 10
458 1703 497 1733 et
527 1696 609 1744 23),
665 1696 837 1733 maxime
871 1695 958 1732 illud
1001 1710 1071 1738 ,ne
1104 1697 1186 1733 ille
1220 1697 1337 1733 sirit
1368 1695 1594 1743 Juppiter

177 1785 228 1790 —
259 1785 310 1791 -—
340 1764 429 1801 tibi
455 1770 630 1801 tantam
658 1764 934 1801 dementiam
961 1764 1123 1801 venire
1151 1764 1197 1801 z'n
1225 1763 1463 1800 animum‘:
1505 1774 1592 1800 eam

178 1834 253 1870 iam
293 1833 454 1870 infixam
490 1834 646 1871 haerere
680 1835 718 1870 in
751 1835 833 1871 eius
868 1835 1009 1871 animo.
1070 1834 1129 1870 At
1157 1833 1296 1876 Gaius,
1345 1834 1493 1881 quippe
1528 1833 1594 1881 qui

177 1902 354 1938 nondum
384 1902 508 1939 inierit
536 1903 746 1940 certamina
773 1902 948 1951 publica,
993 1903 1062 1940 sed
1099 1902 1289 1951 petiturus
1328 1902 1447 1938 modo
1481 1900 1593 1938 fuerit

178 1972 426 2019 tribunatum,
458 1978 540 2010 tum
568 1973 699 2021 aliquo
727 1974 883 2011 numine
910 1974 1040 2010 divino
1066 1973 1240 2010 revocari
1266 1977 1423 2020 poterat
1451 1972 1501 2009 ab
1526 1969 1590 2008 illa

176 2042 385 2080 dementia.
442 2041 620 2091 Denique
648 2042 711 2080 ille
730 2048 931 2092 postrema
951 2042 1257 2091 fragmentorum
1277 2041 1395 2078 verba
1416 2041 1590 2078 invectus

177 2112 383 2149 offenditur
420 2124 483 2158 eo,
530 2113 637 2160 quod
680 2117 804 2149 mater
845 2113 967 2149 filium
1015 2113 1200 2149 admonet
1243 2112 1368 2159 ipsum
1421 2112 1471 2147 nil
1520 2111 1591 2148 nisi

177 2181 378 2218 molestias
407 2192 453 2218 ac
481 2180 634 2218 labores
663 2181 735 2218 sibi
764 2186 986 2229 paraturum
1017 2193 1121 2223 esse,
1152 2179 1426 2217 convenienter
1455 2184 1586 2217 autem

175 2251 248 2288 toti
290 2251 617 2298 argumentationi
656 2250 772 2287 finem
811 2250 905 2287 facit
941 2249 1145 2297 magnifice
1187 2249 1407 2286 cavillatus:
1469 2250 1589 2297 ‚quod

176 2316 305 2357 autern
334 2320 489 2368 gravius
519 2319 643 2356 scelus
673 2319 888 2367 excogitari
919 2323 1072 2367 potest,
1115 2330 1231 2366 quam
1261 2317 1291 2354 si
1320 2318 1405 2366 quis
1435 2318 1518 2367 ipse
1547 2331 1590 2355 se

177 2401 250 2426 sua
279 2389 394 2437 culpa
422 2388 619 2425 laboribus
649 2394 688 2424 et
717 2388 894 2436 periculis
923 2387 1063 2424 afficiat
1076 2387 1102 2424 ?‘

284 2458 355 2496 His
384 2470 408 2495 a
428 2457 627 2506 Soergelio
656 2457 815 2506 prolatis
843 2456 1083 2506 argumentis
1103 2468 1219 2494 nemo
1238 2456 1394 2505 gravius
1414 2469 1588 2495 commo-

175 2533 309 2564 veatur
336 2528 393 2563 vir
421 2528 572 2565 doctus.
633 2526 690 2564 At
724 2527 988 2575 compluribus
1024 2526 1132 2563 annis
1165 2531 1260 2574 post
1288 2526 1375 2563 illae
1403 2528 1591 2576 epistolae

1401 2600 1421 2632 2
