1771 2968
785 246 1049 286 -34—

201 364 309 403 cuius
352 363 591 403 festinationi
634 369 674 403 et
717 364 988 414 neglegentiae
1021 364 1235 414 permultos
1270 363 1498 403 tribuendos
1532 376 1617 403 esse

199 444 353 472 errores
382 434 513 483 negari
542 446 620 472 non
650 439 802 483 potest,
841 434 1045 473 Corneliae
1073 434 1218 472 crimini
1247 434 1317 472 dat
1345 445 1480 472 necem
1511 433 1617 472 Afri-

199 515 300 542 cano
320 503 457 541 minori
480 503 645 543 illatam:
676 503 945 543 Gracchorum
966 504 1207 554 temporibus
1227 515 1353 542 rerum
1375 503 1617 554 perturbatio

200 579 284 611 erat
311 578 439 617 tanta,
483 579 525 611 ut
559 573 727 612 maiores
761 586 919 624 quoque
952 586 1102 612 errores
1135 585 1302 623 aequum
1337 575 1388 612 sit
1415 573 1618 623 ignoscere

199 654 326 681 rerum
363 643 632 693 scriptoribus.
690 643 843 682 Horum
881 645 988 694 quod
1025 648 1181 694 praeter
1216 643 1323 682 illum
1358 655 1476 682 nemo
1511 643 1615 682 illam

198 713 237 749 in
271 712 535 762 suspicionem
570 713 727 751 adducit
755 714 858 751 haud
892 714 978 751 leve
1005 719 1066 751 est
1093 718 1364 762 argumentum
1395 713 1614 751 Corneliam

198 781 263 819 illo
292 781 439 820 scelere
468 794 558 820 vere
587 794 666 820 non
694 782 910 832 obligatam
938 782 1059 821 visam
1090 794 1177 821 esse
1205 782 1404 821 Romanis.

307 852 390 889 Iam
418 864 512 889 vero
540 852 616 889 alia
645 852 913 890 examinemus
941 858 1173 901 argumenta
1200 865 1223 890 a
1252 853 1414 901 Meyero
1442 851 1611 902 prolata!

198 919 310 971 Ipsas
350 927 485 959 censet
520 920 595 959 Gai
630 921 825 960 orationes
863 921 1113 971 epistolarum
1149 921 1239 960 fidei
1273 921 1477 972 refragari:
1536 921 1616 965 „Er

198 990 353 1041 spricht
386 990 424 1028 in
457 991 591 1029 seinen
620 991 756 1030 Reden
789 1003 867 1029 von
900 991 1026 1029 seiner
1053 990 1200 1030 Mutter
1228 992 1420 1029 durchaus
1448 1003 1515 1035 so,
1557 991 1615 1029 als

200 1060 312 1097 stehe
349 1060 406 1097 sie
447 1070 548 1108 ganz
591 1060 660 1097 auf
693 1061 819 1098 seiner
847 1061 991 1101 Seite.“
1050 1061 1182 1099 Utitur
1216 1066 1348 1099 autem
1377 1060 1616 1098 Plutarchi

199 1129 328 1168 verbis
356 1128 400 1169 C.
428 1128 630 1169 Gracchus
658 1131 694 1169 4.
752 1130 810 1169 Ibi
839 1130 918 1169 duo
946 1130 1166 1170 reseruntur
1193 1131 1299 1170 sacta
1327 1130 1511 1174 notanda,
1540 1130 1613 1180 pri-

197 1210 305 1236 mum
342 1198 448 1236 illum
487 1199 621 1237 matris
656 1199 782 1248 gratia
816 1212 1021 1238 revocasse
1055 1200 1160 1238 illam
1189 1201 1376 1238 adversus
1404 1199 1613 1238 Octavium

196 1268 316 1307 latam
346 1268 606 1316 rogationem,
627 1269 677 1308 de
704 1282 780 1319 qua
809 1270 886 1308 iam
916 1282 1035 1320 supra
1056 1271 1162 1320 (pag.
1189 1271 1250 1319 ll)
1277 1270 1457 1309 tractavi:
1488 1268 1613 1321 ,νόμον

198 1334 308 1381 αὐτὸς
336 1336 560 1387 ἐπανείλετο,
596 1341 719 1391 φήσας
746 1344 790 1389 τῇ
820 1341 930 1391 μητρὶ
958 1337 1153 1391 Κορνηλίᾳ
1180 1338 1360 1391 δεηθείσῃ
1389 1340 1614 1391 χαρίζεσθαι

199 1408 263 1446 τὸν
295 1405 521 1454 Ὀκτάειοψ,
564 1408 704 1447 deinde
733 1408 871 1447 Gaium
910 1409 1045 1448 matris
1076 1408 1289 1459 castigasse
1327 1409 1614 1448 obtrectatores

196 1476 257 1513 his
285 1477 437 1516 verbis:
467 1478 523 1520 ,σὺ
554 1475 769 1530 Κορνηλίαν
798 1479 980 1529 λοιδορεῖς
998 1480 1063 1531 τὴν
1084 1476 1255 1529 Τιβέριον
1276 1479 1485 1524 ·.-εε·κ,οι”ισοιν;ί
1522 1478 1613 1515 Meo

196 1544 358 1595 quidem
401 1546 543 1585 iudicio
585 1546 645 1584 his
687 1559 740 1585 ex
781 1547 877 1585 locis
919 1548 970 1586 nil
1008 1552 1142 1598 potest
1184 1547 1312 1597 colligi
1347 1547 1420 1585 nisi
1457 1546 1610 1591 Gaium,

195 1620 406 1665 postquam
447 1616 685 1654 tribunatum
716 1617 889 1666 petendo
919 1618 1054 1655 matris
1082 1617 1244 1656 offendit
1272 1616 1463 1660 animum,
1506 1616 1611 1655 illam

194 1697 243 1723 eo
283 1685 431 1723 maiore
459 1685 656 1724 studuisse
685 1685 812 1724 colere
839 1687 1000 1736 pietate.
1055 1688 1138 1725 Iam
1167 1688 1206 1725 in
1231 1686 1407 1736 Soergeli
1435 1687 1611 1725 invectus

194 1760 425 1804 argumenta
454 1766 617 1793 necesse
644 1755 766 1794 fuisse
794 1756 932 1805 negavi
960 1758 1060 1795 inter
1079 1760 1244 1795 matrem
1264 1761 1304 1794 et
1323 1755 1444 1794 filium
1466 1755 1611 1794 dissen-

193 1824 344 1861 sionem
386 1824 490 1861 haud
534 1824 647 1862 facile
687 1824 900 1863 tollendam
939 1826 1046 1870 oriri,
1089 1838 1191 1864 nunc
1225 1836 1319 1863 vero
1352 1824 1449 1863 illius
1478 1830 1610 1875 partes

193 1893 380 1941 Meyerus
417 1894 639 1944 suscepisse
676 1894 840 1934 videtur.
890 1895 1050 1934 Minime
1083 1895 1201 1945 igitur
1227 1907 1279 1933 ex
1305 1894 1371 1932 illa
1399 1893 1473 1932 Gai
1502 1905 1610 1932 revo-

194 1963 350 2001 catione
378 1963 504 2001 conici
532 1964 658 2013 possit
687 1968 852 2003 matrem
881 1965 1163 2016 comprobasse
1190 1970 1308 2015 atque
1335 1964 1514 2003 laudasse
1542 1963 1610 2003 filii

191 2033 365 2077 consilia,
394 2045 474 2071 non
495 2034 620 2082 magis
639 2046 732 2072 vero
751 2046 804 2072 ex
825 2034 900 2073 alia
928 2047 1028 2074 voce
1055 2048 1173 2085 supra
1192 2035 1319 2073 allata.
1358 2034 1477 2073 Filius
1501 2034 1609 2085 quod

193 2108 359 2140 matrem
390 2102 567 2141 defendit
604 2109 742 2141 contra
770 2103 947 2142 inimicos
974 2110 1094 2154 atque
1113 2104 1423 2148 calumniatores,
1452 2105 1518 2154 qui
1538 2104 1609 2142 sibi

192 2172 364 2210 maxime
397 2173 667 2216 adversantur,
710 2177 791 2210 tam
829 2173 973 2211 eximio
1009 2173 1249 2212 commoveri
1287 2173 1440 2211 videtur
1474 2174 1609 2211 matris

190 2253 337 2285 amore,
368 2246 411 2279 ut
436 2253 525 2280 eum
546 2242 728 2281 omnibus
747 2243 787 2280 in
815 2243 931 2282 rebus
959 2248 1149 2293 appareat
1175 2243 1280 2282 idem
1300 2242 1467 2281 voluisse
1485 2242 1609 2281 idem·
1640 2287 1642 2290 ¹

190 2322 267 2359 que
294 2310 465 2349 noluisse
492 2316 611 2361 atque
640 2312 821 2350 matrem!
880 2311 961 2351 Sed
988 2313 1131 2351 dixerit
1159 2312 1316 2363 aliquis:
1346 2324 1414 2350 cur
1439 2312 1512 2351 Gai
1540 2313 1610 2350 ini-

190 2379 279 2417 mici
307 2384 419 2418 tanto
448 2380 541 2418 odio
561 2386 848 2430 persequuntur
867 2387 1031 2420 matrem
1052 2383 1134 2421 eius
1156 2382 1329 2421 consiliis
1347 2382 1607 2426 adversatam,

188 2459 256 2486 cur
296 2448 409 2498 plebs
450 2455 591 2499 postea
630 2449 834 2489 Corneliae
875 2452 1006 2501 posuit
1039 2457 1211 2491 statuam
1250 2452 1359 2501 leges
1397 2451 1631 2501 reprimere*

189 2518 381 2555 conatae?
437 2518 544 2556 Illam
589 2530 670 2557 rem
711 2519 791 2557 iam
829 2533 949 2570 supra
987 2522 1093 2570 (pag.
1125 2521 1188 2570 12)
1227 2521 1494 2559 demonstravi
1528 2533 1608 2559 non

190 2585 376 2635 refragari
410 2587 666 2637 epistolarum
706 2594 961 2639 argumento,
1005 2602 1135 2640 neque
1171 2601 1266 2629 vero
1302 2589 1427 2639 magis
1455 2589 1606 2628 illarum
