1771 2968
184 347 385 378 auctorem
416 342 536 378 fuisse
564 341 822 389 probabiliter
850 353 1076 389 persuasum
1107 340 1233 378 fuerit.
1284 340 1416 388 Quare
1445 340 1601 377 minime

184 410 341 455 mireris,
363 410 471 460 quod
493 409 720 449 Africanum
738 409 865 460 impiis
885 410 1193 460 propinquorum
1214 409 1392 448 manibus
1411 409 1602 448 interiisse

185 481 323 519 Cicero
352 487 495 521 censet,

292 550 409 587 Haud
443 550 562 588 dubie
590 561 684 587 vero
713 550 799 599 ipsa
829 550 1010 588 Cornelia
1037 550 1074 586 in
1103 550 1366 598 suspicionem
1396 549 1601 587 adducitur

182 620 234 656 ab
256 619 442 668 Appiano
469 620 521 667 (b.
542 631 573 657 c.
597 620 626 661 Ι,
645 620 725 667 20);
758 642 820 661 ,—-
843 617 862 656 ὁ
892 617 1052 657 Σκιπίων
1067 641 1119 646 -
1134 621 1265 668 νεκρὸς
1284 618 1372 656 ἄνευ
1392 620 1600 670 τραυματος

181 687 349 741 ηὑρέθη,
387 688 458 726 εἴτε
489 687 705 740 Κορνηλίας
738 686 847 739 αι’)τῷ,
878 695 944 741 τῆς
973 687 1147 740 Γράκχου
1177 688 1335 740 μητρός,
1364 687 1600 740 ἐπιθεμένης,

183 757 244 796 ἵνα
282 761 332 810 μὴ
372 757 392 796 ὁ
427 762 537 810 νόμος
572 757 591 796 ὁ
626 757 803 810 Γράκχου
840 757 989 810 λυθείη,
1028 761 1092 797 καὶ
1129 759 1389 811 συλλαβουσης
1422 758 1460 800 ἐς
1496 764 1601 797 τοῦτο

183 827 426 880 Σεμπρωνίας
467 835 533 880 τῆς
568 828 769 878 θυγατρός,
808 829 832 880 ἢ
870 835 919 877 τῷ
954 827 1128 866 Σκιπίωνι
1163 832 1378 880 γαμουμένη
1418 831 1481 867 διὰ
1517 830 1601 866 δυσ-

184 900 342 949 μορφίαν
376 899 441 935 καὶ
470 895 646 935 ἀπαιδίαν
676 895 751 935 οὔτ’
781 895 969 947 ἐστέργετο
998 895 1074 935 οὔτ’
1102 897 1280 947 ἔστεργεν,
1310 897 1396 945 εἴθ’,
1434 897 1485 942 ὡς
1513 898 1601 937 ἔνιοι

183 968 368 1015 δοκοῦσιν,
410 965 503 1004 ἑκὼν
538 965 727 1005 ἀπέθανεν
765 989 816 994 -
858 989 905 993 -
949 965 1018 1004 εἰσὶ
1056 965 1127 1004 δὀΐ
1164 965 1473 1018 βασανιζομένους
1512 970 1601 1019 φασὶ

182 1037 421 1085 θεράποντας
441 1034 567 1082 εἰπεῖν,
596 1034 650 1073 ὅτι
671 1034 780 1074 αὐτὸν
802 1035 897 1078 ξένοι
918 1058 967 1062 --
989 1034 1252 1078 ἀποπνίξαιεν.ι
1296 1036 1526 1074 Rectissime
1552 1037 1601 1073 de

183 1105 260 1142 hoc
288 1105 376 1142 loco
405 1105 481 1142 iam
512 1106 722 1143 Merklinus
752 1106 962 1143 iudicavit:
995 1106 1120 1148 ,nobis
1140 1106 1243 1143 ⁴satis
1272 1106 1382 1144 multi
1403 1112 1443 1143 et
1461 1117 1601 1154 graves

184 1180 365 1212 auctores
395 1179 505 1218 sunt,
541 1175 607 1223 qui
636 1180 817 1213 necatum
846 1174 1070 1224 Scipionem
1100 1180 1168 1212 aut
1196 1181 1331 1225 aperte
1360 1176 1601 1213 contendunt

183 1250 250 1281 aut
283 1256 336 1280 ex
370 1245 612 1293 superiorum
651 1245 886 1293 scriptorum
923 1249 1054 1282 mente
1088 1245 1349 1293 suspicionem
1378 1244 1508 1282 caedis
1539 1255 1599 1282 re-

185 1319 324 1362 petunt
357 1315 526 1362 (praeter
563 1314 651 1350 illos
681 1314 758 1350 iam
787 1314 986 1351 laudatos:
1016 1313 1101 1351 Val.
1123 1314 1228 1350 Max.
1251 1314 1320 1355 IV,
1348 1315 1376 1350 l.
1403 1314 1474 1361 123
1504 1313 1600 1352 Plut.

184 1380 225 1420 C.
251 1381 314 1419 Gr.
339 1382 362 1419 8
383 1386 422 1419 et
443 1383 558 1420 Rom.
582 1383 657 1430 27),
690 1382 898 1432 Appianus
927 1395 1024 1420 unus
1054 1383 1128 1426 ille,
1159 1383 1223 1431 qui
1252 1383 1478 1420 nominatim
1510 1382 1602 1420 Cor-

185 1451 326 1489 neliam
372 1463 478 1489 ream
519 1451 623 1489 facit.
682 1451 815 1500 Quare
858 1464 929 1489 nec
971 1452 1076 1501 apud
1114 1464 1239 1490 rerum
1284 1452 1492 1501 scriptores
1530 1464 1601 1489 nec

183 1521 288 1569 apud
318 1520 474 1569 plebem
504 1519 771 1558 Gracchorum
808 1527 971 1558 matrem
1001 1521 1067 1558 illo
1095 1521 1240 1559 scelere
1268 1531 1358 1558 vere
1387 1521 1601 1569 obligatam

183 1590 305 1627 visam
336 1601 420 1627 esse
449 1590 554 1627 haud
585 1595 728 1627 temere
757 1601 934 1636 censeas;
965 1591 1109 1627 etenim
1139 1591 1292 1638 plurimi
1322 1596 1431 1627 erant
1451 1590 1601 1627 Romae

183 1658 251 1696 viri
288 1659 566 1708 potentissimi,
608 1659 673 1708 qui
702 1663 815 1697 tanto
845 1658 1161 1697 Gracchanorum
1191 1659 1283 1697 odio
1311 1659 1449 1697 imbuti
1478 1665 1600 1702 erant,

184 1735 227 1766 ut
255 1730 317 1766 vel
355 1735 584 1767 nascentem
621 1730 701 1766 eius
737 1730 845 1767 modi
875 1730 1137 1778 suspicionem
1167 1730 1281 1767 enixe
1309 1730 1455 1766 aucturi
1484 1736 1601 1777 atque

184 1799 404 1848 provecturi
424 1798 575 1843 fuerint,
602 1805 707 1837 certe
727 1811 804 1837 non
824 1798 964 1837 fuerint
984 1800 1207 1849 repressuri.
1263 1800 1399 1849 Itaque
1418 1798 1601 1847 Meyerus

185 1881 257 1917 pro
286 1870 415 1906 verbis
447 1870 561 1910 „dass
591 1869 645 1905 sie
674 1881 751 1905 von
771 1869 964 1906 Manchen
992 1870 1048 1905 als
1070 1869 1266 1906 Morderin
1295 1870 1366 1906 des
1388 1868 1601 1906 Afrikanus

184 1938 410 1975 bezeichnet
425 1939 553 1975 ward“
577 1938 705 1986 aptius
721 1938 882 1976 dixisset
905 1938 1020 1981 „dass
1041 1939 1096 1975 sie
1112 1951 1188 1975 von
1207 1937 1246 1975 A
1254 1938 1398 1987 ppian
1415 1950 1450 1976 u.
1467 1950 1485 1974 s
1514 1944 1600 1980 w.“‚

184 2020 275 2044 nam
307 2007 399 2044 mihi
427 2007 583 2055 quidem
613 2007 676 2044 illa
704 2008 874 2056 suspicio
904 2020 982 2044 non
1011 2019 1062 2044 ex
1081 2008 1242 2044 aliorum
1264 2007 1428 2055 scriptis,
1462 2007 1530 2044 sed
1551 2019 1602 2043 ex

185 2076 357 2126 Appiani
400 2076 521 2126 ipsius
561 2086 689 2113 rerum
727 2075 950 2125 cognitione
985 2080 1125 2115 exorta
1153 2087 1239 2114 esse
1266 2075 1427 2114 videtur.
1484 2074 1601 2124 Quod

184 2147 352 2183 fortasse
380 2147 458 2183 iam
488 2157 539 2182 ex
567 2146 754 2182 orationis
783 2145 908 2181 forma
937 2146 1060 2193 possit
1088 2145 1234 2193 colligi:
1282 2145 1344 2181 illa
1373 2146 1491 2193 ipsius
1519 2157 1603 2182 sen-

185 2216 305 2254 tentia
334 2216 550 2266 praemissa
578 2215 865 2264 subsequuntur
892 2227 962 2264 per
990 2214 1062 2264 εἴθ,
1091 2213 1141 2259 ὡς
1160 2214 1248 2253 ἔνιοι
1276 2214 1444 2254 δοκοῦσιν
1474 2219 1514 2253 et
1534 2212 1602 2253 εἰσὶ

184 2284 262 2323 δὀῗ
299 2286 501 2334 opiniones
556 2285 607 2322 de
649 2285 842 2334 Scipionis
891 2289 1017 2322 morte
1058 2285 1324 2333 pervulgatae.
1383 2284 1497 2333 Quae
1541 2296 1602 2321 res

185 2359 382 2403 utcunque
419 2367 461 2392 se
489 2355 626 2402 habet,
667 2354 895 2404 Appianum
923 2354 1121 2402 („obwohl
1149 2355 1211 2391 die
1240 2354 1367 2392 Briefe
1394 2353 1602 2391 veroffent-

184 2424 278 2461 licht
306 2426 476 2471 waren“)
505 2424 724 2461 Corneliam
746 2424 856 2460 huius
876 2424 1031 2460 sceleris
1061 2435 1165 2460 ream
1195 2423 1335 2460 fecisse
1363 2424 1494 2470 negari
1523 2434 1602 2459 non

184 2497 328 2542 potest.
384 2493 496 2531 Licet
531 2493 597 2531 ille
637 2493 788 2531 noverit
827 2492 1037 2543 epistolas,
1081 2492 1130 2530 de
1158 2492 1295 2542 quibus
1324 2491 1470 2541 agitur,
1515 2491 1602 2528 lieet

183 2562 247 2599 illa
285 2562 463 2600 convicta
502 2563 552 2599 sit
589 2563 718 2600 caedis
757 2563 794 2599 in
829 2574 974 2610 genero
1002 2568 1196 2611 patratae:
1240 2573 1321 2609 quo
1350 2560 1470 2597 modo
1500 2561 1598 2597 haec
