1771 2968
739 252 1003 291 .-12—

159 369 245 408 hist.
266 369 405 406 Rom:
440 381 507 411 „es
538 372 636 406 ware
667 369 753 407 eine
773 367 954 407 Schande
982 379 1174 417 gewesen,
1202 381 1252 405 an
1280 369 1407 408 einem
1428 369 1576 407 Ehren-

159 450 287 485 mann,
317 438 386 475 der
415 450 486 474 nur
515 437 584 474 der
602 436 845 485 Verfassung
865 440 1022 486 gemass
1041 437 1255 486 gehandelt
1273 437 1394 485 hatte,
1423 438 1577 475 niedere

158 507 293 544 Rache
313 519 358 544 zu
379 507 584 544 nehmen.“
643 506 802 543 Minime
822 518 984 544 necesse
1003 512 1086 544 erat
1106 506 1210 544 haud
1231 506 1340 544 facile
1359 506 1575 545 tollendam

158 577 441 614 dissensionem
485 577 583 614 inter
623 587 691 614 eos
730 576 836 619 oriri,
884 576 1109 625 praesertim
1152 589 1241 614 cum
1274 576 1311 614 in
1348 576 1576 625 fragmentis

158 646 450 683 acerbissimam
479 646 540 683 filii
571 646 862 683 damnationem
901 646 1028 683 inesse
1064 645 1168 683 nullo
1208 646 1328 684 modo
1357 646 1573 694 intelligam

157 715 219 762 (cf.
248 728 423 761 vereor,
462 729 515 753 ne
544 738 593 743 —
624 729 694 763 —;
751 715 951 753 consilia
980 715 1062 753 eius
1091 716 1373 764 condemnati).
1432 715 1572 758 Mater,

158 785 340 833 opinatur
369 784 612 833 Soergelius,
656 786 688 822 si
727 785 852 822 maius
892 785 1102 834 impetrare
1138 796 1214 821 non
1249 789 1423 834 poterat,
1471 790 1575 822 certe

158 854 283 892 minus
313 855 525 903 impetrare
554 854 759 892 noluisset:
803 854 1050 903 puerulorum
1081 847 1174 891 vero
1203 859 1336 892 censet
1364 854 1427 891 ille
1456 853 1575 892 fuisse

157 924 195 960 in
243 930 367 961 matre
411 923 678 961 Gracchorum
735 923 1022 960 contumaciam
1070 929 1188 972 atque
1235 923 1451 968 libidinem,
1510 924 1576 973 qui

157 994 336 1042 precibus
380 994 582 1042 denegatis
620 993 817 1030 obstinato
856 992 1008 1030 silentio
1044 1005 1138 1041 prae
1173 1005 1215 1030 se
1249 992 1378 1031 ferunt
1419 994 1574 1042 puerilis

156 1063 273 1099 animi
302 1075 483 1111 magnam
505 1062 777 1100 offensionem!
838 1062 934 1099 Illud
962 1073 1119 1111 quoque
1148 1061 1372 1111 neutiquam
1402 1067 1573 1111 praeter-

157 1133 387 1170 mittendum
431 1145 517 1170 esse
559 1137 710 1175 censet,
754 1133 875 1181 quod,
892 1131 1117 1170 Plutarchus
1147 1131 1366 1171 Corneliam
1412 1132 1462 1169 ab
1506 1133 1573 1170 ad-

155 1202 333 1239 versariis
363 1201 630 1240 Gracchorum
669 1201 854 1238 conviciis
892 1202 1079 1249 agitatam
1119 1214 1203 1239 esse
1233 1201 1356 1239 refert.
1415 1201 1574 1239 Scilicet

156 1284 292 1309 omnes
330 1272 435 1310 cives
469 1273 657 1310 certiores
694 1271 838 1309 fecerat
867 1270 1048 1308 Cornelia
1093 1284 1135 1309 se
1178 1284 1248 1321 per
1288 1271 1473 1320 epistolas
1509 1272 1572 1309 ad-

156 1341 352 1378 monuisse
372 1341 505 1384 filium,
536 1353 583 1378 ne
603 1340 884 1389 rempublicam
904 1341 1167 1389 perturbaret!
1218 1341 1274 1378 At
1303 1352 1392 1377 meo
1412 1341 1568 1389 quidem

155 1410 294 1447 iudicio
322 1410 373 1447 illi
403 1412 441 1447 id
471 1422 600 1457 unum,
629 1410 734 1458 quod
765 1422 902 1447 omnes
930 1422 1084 1459 semper
1113 1411 1375 1453 consentiunt,
1415 1410 1571 1447 minime

155 1480 430 1527 ignoraverunt
466 1491 660 1517 summam
698 1479 995 1516 familiaritatem
1025 1480 1288 1528 pietatemque
1326 1479 1444 1516 fuisse
1473 1480 1573 1516 inter

156 1548 421 1586 Gracchorum
465 1555 630 1586 matrem
669 1554 708 1586 et
743 1547 843 1585 filios
881 1549 1049 1598 ideoque
1091 1549 1141 1585 illi
1177 1560 1333 1597 quoque
1374 1554 1464 1586 sunt
1505 1549 1571 1586 ad-

154 1619 313 1661 versati,
371 1630 486 1667 quam
534 1618 574 1657 C.
612 1616 832 1655 Gracchum
893 1630 971 1655 non
1027 1618 1153 1655 solum
1211 1618 1406 1667 peperisse
1462 1625 1571 1656 certo

154 1688 342 1730 sciebant,
367 1688 436 1725 sed
453 1688 569 1725 etiam
588 1688 793 1734 educasse;
825 1701 942 1736 quam
959 1689 1126 1726 fortasse
1143 1689 1325 1725 conviciis
1340 1689 1570 1737 agitassent,

155 1758 306 1795 etiarnsi
344 1759 470 1807 ipsam
511 1757 675 1794 filiorum
713 1758 873 1795 consilia
914 1770 989 1795 non
1028 1759 1308 1808 comprobasse
1344 1758 1571 1796 habuissent

154 1828 421 1877 compertum!
479 1828 542 1865 De
570 1833 700 1865 statua
730 1829 762 1865 ei
792 1841 815 1865 a
844 1828 955 1877 plebe
985 1829 1115 1877 posita
1143 1828 1189 1866 cf.
1222 1841 1310 1877 pag.
1334 1828 1395 1867 34.

262 1897 414 1934 Deinde
445 1898 582 1934 mirum
613 1909 697 1934 esse
726 1898 877 1935 videtur
903 1897 1120 1947 Soergelio,
1151 1899 1256 1948 quod
1284 1897 1460 1935 Cornelia
1490 1903 1569 1935 tam

153 1967 317 2005 libenter
359 1967 524 2004 filiorum
569 1967 783 2005 occisorum
832 1969 1060 2005 memoriam
1109 1968 1308 2006 renovavit
1356 1980 1570 2017 eorumque

153 2036 255 2073 facta
299 2042 339 2073 et
384 2037 463 2073 fata
504 2038 726 2085 percensuit
767 2037 881 2085 (Plut.
912 2038 953 2075 C.
986 2037 1049 2074 Gr.
1079 2037 1151 2086 19).
1223 2037 1341 2086 Quod
1388 2037 1567 2074 iudicium

153 2106 313 2144 minime
341 2107 508 2144 alienum
538 2113 598 2144 est
627 2107 676 2143 ab
705 2106 768 2144 illo
797 2120 914 2155 supra
943 2107 993 2144 de
1022 2108 1168 2156 pietate
1197 2108 1297 2144 inter
1323 2112 1502 2155 parentes
1531 2111 1570 2144 et

151 2176 294 2213 liberos
333 2176 463 2213 allato.
533 2176 647 2224 Quae
689 2181 813 2212 mater
855 2188 931 2213 non
975 2176 1138 2213 libenter
1180 2188 1313 2213 eorum
1354 2176 1570 2214 meminerit

152 2245 328 2289 filiorum,
359 2246 423 2295 qui
453 2247 576 2296 plebis
593 2252 724 2285 ‘causa
757 2258 920 2294 magnos
950 2246 1147 2284 subierunt
1176 2246 1333 2284 labores
1363 2246 1569 2295 multisque

151 2328 305 2352 summa
347 2317 465 2352 animi
509 2316 735 2364 integritate
776 2316 969 2352 adversati
1007 2316 1248 2359 interierunt,
1292 2317 1442 2354 etiamsi
1485 2316 1570 2365 ipsa

151 2397 287 2423 eorum
319 2387 447 2423 studia
487 2399 584 2424 vana
613 2399 700 2424 esse
738 2391 822 2424 rata
850 2386 932 2423 illos
961 2392 1075 2423 antea
1104 2386 1377 2430 admonuerat,
1421 2398 1468 2423 ne
1503 2385 1569 2423 illa

151 2456 310 2492 consilia
326 2456 671 2504 persequerentur?
714 2456 817 2499 ,Sine
836 2456 944 2493 luctu
965 2461 1004 2493 et
1024 2456 1191 2493 lacrimis
1208 2455 1386 2494 Cornelia
1401 2455 1565 2492 filiorum

150 2538 262 2562 casus
292 2531 330 2563 et
359 2526 464 2563 facta
494 2526 719 2564 referebat‘:
764 2527 871 2575 quod
902 2539 970 2563 cur
998 2527 1138 2564 infesto
1168 2528 1300 2576 potius
1329 2526 1419 2563 filiis
1439 2526 1568 2563 animo

150 2607 269 2643 quam
298 2595 346 2632 illi
376 2607 532 2645 semper
559 2597 737 2634 laudatae
767 2597 883 2635 animi
914 2596 1168 2646 magnitudini
1204 2596 1350 2635 tribuat
1387 2607 1461 2645 ego
1491 2607 1567 2634 non
