1771 2968
165 308 296 353 partes
324 301 361 338 in
389 301 528 338 ceteris
558 300 713 350 scriptis
742 300 825 337 eius
855 299 1086 337 vocabulum
1117 301 1198 349 pati
1220 305 1328 338 tenet
1354 299 1417 348 (cf.
1439 300 1575 338 Them.

165 374 201 416 3,
227 373 266 420 13
287 372 324 415 8,
345 370 387 419 7;
408 372 445 415 9,
465 370 510 419 4;
542 370 636 409 Cim.
663 371 697 414 1,
717 370 760 419 43
789 370 902 408 Eum.
922 373 954 413 l,
971 370 1013 418 33
1034 371 1069 420 6,
1085 370 1126 415 3;
1154 370 1214 414 10,
1234 370 1278 416 4;
1310 370 1437 408 Hann.
1455 371 1516 414 13,
1533 372 1577 418 3,

166 441 251 479 Att.
273 441 311 484 2,
331 441 368 479 4.
390 441 436 486 ὃς
467 441 504 484 8,
525 441 574 489 4).
632 440 782 477 Deinde
818 441 1025 478 tolerare
1061 452 1138 477 non
1175 441 1305 478 solum
1333 452 1410 477 non
1441 441 1577 478 eadem

164 517 282 559 atque
301 511 338 547 in
366 511 594 558 fragmentis
623 511 824 553 sententia,
854 510 925 547 sed
955 510 1071 547 etiam
1100 510 1260 547 omnino
1289 510 1458 559 reperias
1486 522 1576 546 nun-

164 592 279 630 quam
317 580 422 629 apud
451 580 557 617 illum
588 580 829 629 scriptorem,
859 580 923 629 qui
952 592 1024 629 pro
1052 579 1129 616 hoc
1157 580 1277 617 verbo
1297 580 1492 628 perferre
1520 580 1578 616 vel

158 651 271 696 fhrre
305 650 482 698 posuisse
509 650 663 686 videtur
690 649 776 697 (Ar.
804 651 836 692 l,
860 649 898 694 43
931 649 1018 687 Alc.
1044 650 1076 692 1,
1097 649 1143 697 43
1176 650 1236 692 10,
1257 650 1304 697 33
1335 650 1449 687 Dion.
1472 650 1510 692 4,
1530 650 1576 695 5;

165 719 201 762 6,
221 719 267 766 43
299 719 335 762 7,
357 719 402 763 3;
443 718 515 768 Ep.
536 719 574 765 3,
594 719 642 766 23
673 719 709 761 7,
736 719 772 766 1;
812 718 913 756 Tim.
938 720 972 761 1,
993 719 1036 766 23
1077 718 1190 756 Ham.
1219 720 1251 762 1,
1272 719 1319 766 43
1358 718 1444 757 Att.
1465 719 1503 762 ὃ,
1528 721 1575 767 1).

164 789 265 826 Tum
295 801 388 826 vero
417 789 557 826 frustra
585 789 756 838 requiras
784 789 822 825 in
851 788 1018 838 Nepotis
1046 788 1135 826 vitis
1164 788 1352 827 vocabula
1379 789 1578 827 antehac

162 857 226 907 (cf.
257 858 395 896 Them.
416 862 452 902 2,
468 859 511 905 4;
545 858 613 896 Ar⁴
637 860 674 902 2,
696 859 737 904 3;
767 858 879 896 Eum.
902 859 939 901 9,
960 859 1002 903 2;
1035 858 1119 896 Att.
1145 858 1205 901 19,
1228 859 1263 897 2.
1285 858 1327 896 3:
1358 863 1458 896 ante.
1482 859 1574 907 Lys.

168 929 200 970 l,
217 928 241 966 3
261 934 301 965 et
320 929 447 968 Hann.
464 929 500 971 3,
517 929 559 966 4:
590 931 729 977 antea),
760 935 1001 978 quatenus,
1030 929 1318 972 sollicitudo,
1348 929 1575 973 molestia,

162 1003 396 1046 expetere,
434 1003 477 1035 ut
504 998 682 1035 omittam
723 998 843 1035 verba
876 998 1035 1035 verbis
1061 998 1309 1046 conceptis,
1345 997 1574 1041 deierare,

161 1073 362 1115 senecta,
402 1069 651 1117 opitulari,
683 1074 854 1117 pausa,
888 1068 1121 1110 insanire,
1159 1074 1268 1115 tute,
1295 1074 1574 1116 parentare,

162 1135 385 1173 invocare
411 1136 523 1184 (Cim.
545 1137 582 1178 4,
604 1137 628 1174 3
648 1137 849 1173 invocatus
864 1154 915 1169 =
931 1137 1235 1184 uneingeladen),
1265 1137 1402 1185 quibus
1431 1137 1573 1173 nullam

162 1215 305 1242 censeo
348 1206 534 1243 maiorem
576 1206 654 1244 vim
697 1206 939 1243 tribuendam
981 1216 1079 1243 esse.
1144 1205 1323 1254 Denique
1362 1204 1454 1242 illud
1494 1218 1574 1243 non

161 1274 550 1322 praetermittendum
585 1276 652 1318 sit,
693 1275 800 1324 quod
835 1277 995 1311 verbum
1023 1280 1340 1322 perseverare
1373 1274 1523 1311 diverse
1550 1288 1573 1311 a

161 1343 327 1391 Nepotis
355 1357 537 1382 sermone
563 1344 627 1393 (cf.
656 1345 794 1382 Them.
817 1345 852 1390 5,
871 1345 912 1390 13
934 1344 1024 1381 Dat.
1048 1344 1084 1386 2,
1100 1344 1140 1391 5>
1167 1344 1206 1381 in
1233 1343 1462 1391 fragmentis
1491 1350 1571 1382 tam

161 1424 277 1461 quam
305 1413 547 1451 transitivum
578 1414 752 1464 usurpari
781 1413 969 1451 videmus.

271 1483 431 1521 Etiamsi
467 1484 581 1531 igitur
616 1495 813 1523 nonnemo
848 1488 1006 1520 censeat
1041 1483 1146 1520 illum'
1182 1483 1407 1531 fragmentis
1441 1483 1575 1520 fraude

161 1552 390 1601 compositis
424 1551 537 1590 facile
566 1553 757 1591 nonnullis
785 1551 982 1589 vocabulis
1011 1551 1198 1589 obsoletis
1226 1552 1434 1590 interiectis
1464 1564 1573 1601 prae-

160 1621 252 1658 bere
277 1623 452 1669 potuisse
472 1622 645 1659 colorem
675 1622 945 1670 antiquiorem,
975 1627 1080 1658 certe
1108 1633 1185 1658 non
1214 1634 1355 1669 parvas
1383 1623 1573 1670 praebeat

160 1689 408 1727 difficultates
448 1691 525 1727 iam
563 1690 671 1733 illud,
712 1690 819 1739 quod
855 1690 974 1726 modo
1013 1702 1100 1726 cum
1140 1689 1190 1726 de
1226 1694 1311 1727 tota
1340 1690 1570 1732 elocutione,

160 1765 244 1796 tum
265 1760 436 1797 maxime
455 1763 504 1798 de
531 1760 692 1808 singulis
720 1760 920 1797 vocabulis
939 1760 1060 1802 attuli,
1091 1772 1191 1807 quae
1210 1759 1430 1807 diligentiae
1450 1765 1570 1808 atque

159 1829 231 1866 arti
261 1829 464 1867 tribuenda
492 1843 576 1868 esse
604 1829 683 1867 veri
712 1829 834 1867 simile
863 1841 940 1866 non
968 1829 1029 1866 sit.
1079 1828 1188 1866 Haec
1217 1839 1309 1866 vero
1337 1832 1571 1878 argumenta

159 1898 310 1946 singula
357 1911 434 1936 non
481 1900 645 1936 multum
690 1899 840 1941 valent.
887 1898 1015 1935 valent
1061 1898 1288 1946 plurimum,
1336 1898 1367 1934 si
1414 1904 1571 1946 spectes

159 1967 348 2007 universa.

267 2036 345 2075 Sed
365 2038 550 2086 quoniam
569 2038 664 2074 satis
692 2037 775 2075 fuse
803 2037 854 2074 de
883 2038 1057 2074 oratione
1086 2041 1289 2073 tractatum
1311 2042 1382 2078 est,
1412 2047 1568 2084 percen-

158 2117 313 2144 seamus
341 2106 403 2144 illa
431 2119 454 2144 a
484 2106 641 2156 Meyero
671 2120 726 2144 ex
754 2107 899 2145 rebus
928 2106 1081 2156 petita
1110 2110 1399 2154 argumenta,
1429 2105 1570 2154 quibus

159 2176 284 2213 maior
302 2176 359 2214 vis
378 2176 581 2214 tribuenda
602 2188 679 2214 non
707 2176 767 2214 sit.
819 2176 883 2214 Ac
911 2176 1078 2226 primum
1107 2175 1264 2224 quidem
1295 2175 1356 2212 ille
1385 2174 1569 2223 refragari

158 2250 293 2283 censet
312 2245 617 2295 fragmentorum
639 2246 728 2284 fidei
748 2259 806 2291 ea,
836 2258 937 2296 quae
957 2245 1228 2283 Plutarchus
1247 2245 1349 2293 (Tib.
1371 2246 1411 2293 9)
1430 2244 1567 2283 refert:

159 2313 259 2356 ,ἔνιοι
285 2316 325 2354 δὲ
353 2317 418 2354 ’καὶ
447 2315 659 2367 Κορνηλίαν
688 2322 988 2355 συνεπαιτιῶνται
1016 2317 1079 2367 τὴν
1109 2313 1249 2367 μητέρα
1276 2316 1459 2358 πολλάκις
1486 2316 1572 2357 τοὺς

158 2381 258 2428 υἱοὺς
300 2383 548 2429 ὀνειδίζουσαν
589 2384 643 2424 ὅτι
676 2384 855 2438 Ῥωμαῖοι
893 2385 1096 2428 Σκιπίωνος
1133 2383 1245 2436 αὐτὴν
1284 2384 1335 2423 ἔτι
1372 2386 1570 2436 πενθεράν,

156 2451 257 2492 οὔπω
286 2456 326 2493 δὲ
348 2458 490 2508 μητέρα
509 2454 691 2507 Γράκχων
710 2457 1067 2507 προσαγορεύοοσιν.*
1110 2455 1218 2492 Haec
1237 2455 1359 2492 verba
1378 2461 1569 2504 quantum

159 2523 316 2561 valeant
345 2537 423 2562 non
451 2524 610 2563 difficile
643 2526 694 2564 sit
732 2525 940 2564 intellectu.
998 2524 1088 2573 Qua
1114 2536 1166 2562 ex
1194 2536 1254 2567 re,
1297 2536 1465 2573 quaeso,
1509 2525 1572 2562 ille
